@article{DagottoPRB1988,
	title = {{SU(2)} gauge invariance and order parameters in strongly coupled electronic systems},
	author = {Dagotto, Elbio and Fradkin, Eduardo and Moreo, Adriana},
	journal = {Phys. Rev. B},
	volume = {38},
	issue = {4},
	pages = {2926--2929},
	numpages = {0},
	year = {1988},
	month = {Aug},
	publisher = {American Physical Society},
	doi = {10.1103/PhysRevB.38.2926},
	url = {https://link.aps.org/doi/10.1103/PhysRevB.38.2926}
}

@article{HermannsPRL2015,
	title = {Weyl Spin Liquids},
	author = {Hermanns, M. and O'Brien, K. and Trebst, S.},
	journal = {Phys. Rev. Lett.},
	volume = {114},
	issue = {15},
	pages = {157202},
	numpages = {5},
	year = {2015},
	month = {Apr},
	publisher = {American Physical Society},
	doi = {10.1103/PhysRevLett.114.157202},
	url = {https://link.aps.org/doi/10.1103/PhysRevLett.114.157202}
}

@article{HermannsPRL2015b,
	title = {{Spin-Peierls Instability of Three-Dimensional Spin Liquids with Majorana Fermi Surfaces}},
	author = {Hermanns, Maria and Trebst, Simon and Rosch, Achim},
	journal = {Phys. Rev. Lett.},
	volume = {115},
	issue = {17},
	pages = {177205},
	numpages = {6},
	year = {2015},
	month = {Oct},
	publisher = {American Physical Society},
	doi = {10.1103/PhysRevLett.115.177205},
	url = {https://link.aps.org/doi/10.1103/PhysRevLett.115.177205}
}

@article{OBrienPRB2016,
	title = {{Classification of gapless $\mathbf{Z}_2$ spin liquids in three-dimensional Kitaev models}},
	author = {O'Brien, Kevin and Hermanns, Maria and Trebst, Simon},
	journal = {Phys. Rev. B},
	volume = {93},
	issue = {8},
	pages = {085101},
	numpages = {34},
	year = {2016},
	month = {Feb},
	publisher = {American Physical Society},
	doi = {10.1103/PhysRevB.93.085101},
	url = {https://link.aps.org/doi/10.1103/PhysRevB.93.085101}
}

@article{HermannsPRB2014,
	title = {{Quantum spin liquid with a Majorana Fermi surface on the three-dimensional hyperoctagon lattice}},
	author = {Hermanns, M. and Trebst, S.},
	journal = {Phys. Rev. B},
	volume = {89},
	issue = {23},
	pages = {235102},
	numpages = {16},
	year = {2014},
	month = {Jun},
	publisher = {American Physical Society},
	doi = {10.1103/PhysRevB.89.235102},
	url = {https://link.aps.org/doi/10.1103/PhysRevB.89.235102}
}

@book{Wells1977,
	title = {{Three-dimensional nets and polyhedra}},
	author = {Wells, A.~F.},
	publisher = {New York : Wiley},
	year = {1977},
	type = {Book; Book/Illustrated},
	isbn = {0471021512},
	subjects = {Crystallography, Mathematical},
	language = {English},
	note = {"A Wiley-Interscience publication."}
}

@article{MasahikoPRL2017,
	title = {{Designing Kitaev Spin Liquids in Metal-Organic Frameworks}},
	author = {Yamada, Masahiko G. and Fujita, Hiroyuki and Oshikawa, Masaki},
	journal = {Phys. Rev. Lett.},
	volume = {119},
	issue = {5},
	pages = {057202},
	numpages = {6},
	year = {2017},
	month = {Aug},
	publisher = {American Physical Society},
	doi = {10.1103/PhysRevLett.119.057202},
	url = {https://link.aps.org/doi/10.1103/PhysRevLett.119.057202}
}

@article{SeifertPRBFeb2018,
	title = {{Fractionalized Fermi liquids and exotic superconductivity in the Kitaev-Kondo lattice}},
	author = {Seifert, Urban F. P. and Meng, Tobias and Vojta, Matthias},
	journal = {Phys. Rev. B},
	volume = {97},
	issue = {8},
	pages = {085118},
	numpages = {16},
	year = {2018},
	month = {Feb},
	publisher = {American Physical Society},
	doi = {10.1103/PhysRevB.97.085118},
	url = {https://link.aps.org/doi/10.1103/PhysRevB.97.085118}
}

@article{YouPRB2012,
	title = {{Doping a spin-orbit Mott insulator: Topological superconductivity from the Kitaev-Heisenberg model and possible application to (Na${}_{2}$/Li${}_{2}$)IrO${}_{3}$}},
	author = {You, Yi-Zhuang and Kimchi, Itamar and Vishwanath, Ashvin},
	journal = {Phys. Rev. B},
	volume = {86},
	issue = {8},
	pages = {085145},
	numpages = {12},
	year = {2012},
	month = {Aug},
	publisher = {American Physical Society},
	doi = {10.1103/PhysRevB.86.085145},
	url = {https://link.aps.org/doi/10.1103/PhysRevB.86.085145}
}

@article{SeifertPRBOct2018,
	title = {{Bilayer Kitaev models: Phase diagrams and novel phases}},
	author = {Seifert, Urban F. P. and Gritsch, Julian and Wagner, Erik and Joshi, Darshan G. and Brenig, Wolfram and Vojta, Matthias and Schmidt, Kai P.},
	journal = {Phys. Rev. B},
	volume = {98},
	issue = {15},
	pages = {155101},
	numpages = {20},
	year = {2018},
	month = {Oct},
	publisher = {American Physical Society},
	doi = {10.1103/PhysRevB.98.155101},
	url = {https://link.aps.org/doi/10.1103/PhysRevB.98.155101}
}

@article{WenPRB2002,
	title = {{Quantum orders and symmetric spin liquids}},
	author = {Wen, Xiao-Gang},
	journal = {Phys. Rev. B},
	volume = {65},
	issue = {16},
	pages = {165113},
	numpages = {37},
	year = {2002},
	month = {Apr},
	publisher = {American Physical Society},
	doi = {10.1103/PhysRevB.65.165113},
	url = {https://link.aps.org/doi/10.1103/PhysRevB.65.165113}
}

@article{BurnellPRB2011,
	title = {{SU(2) slave fermion solution of the Kitaev honeycomb lattice model}},
	author = {Burnell, F. J. and Nayak, Chetan},
	journal = {Phys. Rev. B},
	volume = {84},
	issue = {12},
	pages = {125125},
	numpages = {20},
	year = {2011},
	month = {Sep},
	publisher = {American Physical Society},
	doi = {10.1103/PhysRevB.84.125125},
	url = {https://link.aps.org/doi/10.1103/PhysRevB.84.125125}
}

@article{MandalPRB2014,
	title = {{Fermions and nontrivial loop-braiding in a three-dimensional toric code}},
	author = {Mandal, Saptarshi and Surendran, Naveen},
	journal = {Phys. Rev. B},
	volume = {90},
	issue = {10},
	pages = {104424},
	numpages = {7},
	year = {2014},
	month = {Sep},
	publisher = {American Physical Society},
	doi = {10.1103/PhysRevB.90.104424},
	url = {https://link.aps.org/doi/10.1103/PhysRevB.90.104424}
}

@article{MandalPRB2009,
	title = {{Exactly solvable Kitaev model in three dimensions}},
	author = {Mandal, Saptarshi and Surendran, Naveen},
	journal = {Phys. Rev. B},
	volume = {79},
	issue = {2},
	pages = {024426},
	numpages = {8},
	year = {2009},
	month = {Jan},
	publisher = {American Physical Society},
	doi = {10.1103/PhysRevB.79.024426},
	url = {https://link.aps.org/doi/10.1103/PhysRevB.79.024426}
}

@article{WinterJOP2017,
	author={Stephen M Winter and Alexander A Tsirlin and Maria Daghofer and Jeroen {van den Brink} and Yogesh Singh and Philipp
	Gegenwart and Roser Valenti},
	title={{Models and materials for generalized Kitaev magnetism}},
	journal={Journal of Physics: Condensed Matter},
	volume={29},
	number={49},
	pages={493002},
	url={http://stacks.iop.org/0953-8984/29/i=49/a=493002},
	year={2017}
}

@article{KhaliullinPTPS2005,
	author = {Khaliullin, Giniyat},
	title = {{Orbital Order and Fluctuations in Mott Insulators}},
	journal = {Progress of Theoretical Physics Supplement},
	volume = {160},
	pages = {155-202},
	year = {2005},
	doi = {10.1143/PTPS.160.155},
	url = {http://dx.doi.org/10.1143/PTPS.160.155},
	eprint = {/oup/backfile/content_public/journal/ptps/160/10.1143/ptps.160.155/2/160-155.pdf}
}

@article{JackeliPRL2009,
	title = {{Mott Insulators in the Strong Spin-Orbit Coupling Limit: From Heisenberg to a Quantum Compass and Kitaev Models}},
	author = {Jackeli, G. and Khaliullin, G.},
	journal = {Phys. Rev. Lett.},
	volume = {102},
	issue = {1},
	pages = {017205},
	numpages = {4},
	year = {2009},
	month = {Jan},
	publisher = {American Physical Society},
	doi = {10.1103/PhysRevLett.102.017205},
	url = {https://link.aps.org/doi/10.1103/PhysRevLett.102.017205}
}

@article{NussinovRMP2015,
	title = {{Compass models: Theory and physical motivations}},
	author = {Nussinov, Zohar and {van den Brink}, Jeroen},
	journal = {Rev. Mod. Phys.},
	volume = {87},
	issue = {1},
	pages = {1--59},
	numpages = {59},
	year = {2015},
	month = {Jan},
	publisher = {American Physical Society},
	doi = {10.1103/RevModPhys.87.1},
	url = {https://link.aps.org/doi/10.1103/RevModPhys.87.1}
}

@article{KugelSPU1982,
	author={Kliment I Kugel and D I Khomskii},
	title={{The Jahn-Teller effect and magnetism: transition metal compounds}},
	journal={Soviet Physics Uspekhi},
	volume={25},
	number={4},
	pages={231},
	url={http://stacks.iop.org/0038-5670/25/i=4/a=R03},
	year={1982},
	abstract={The properties of magnetic insulators containing orbitally degenerate transition metal ions (Jahn-Teller ions) are discussed. The Jahn-Teller effect in these insulators causes structural phase transitions, lowers the lattice symmetry, and gives rise to an orbital ordering. Various interactions responsible for these effects are discussed: the electron-lattice, quadrupole-quadrupole, and exchange interactions. The mutual effects of the orbital ordering and the magnetic properties of corresponding compounds are discussed. The exchange interaction in the cases of twofold and threefold orbital degeneracy is discussed. The effect of a magnetic field on the orbital and magnetic structure and the temperature dependence of the exchange interaction are studied. The properties of several representative compounds containing Jahn-Teller ions are discussed.}
}

@article{KitaevAoP2006,
	title = {{Anyons in an exactly solved model and beyond}},
	journal = {Annals of Physics},
	volume = {321},
	number = {1},
	pages = {2 - 111},
	year = {2006},
	note = {January Special Issue},
	issn = {0003-4916},
	url = {http://www.sciencedirect.com/science/article/pii/S0003491605002381},
	author = {Alexei Kitaev}
}

@article{KitaevAoP2003,
	title = {{Fault-tolerant quantum computation by anyons}},
	journal = {Annals of Physics},
	volume = {303},
	number = {1},
	pages = {2 - 30},
	year = {2003},
	issn = {0003-4916},
	doi = {https://doi.org/10.1016/S0003-4916(02)00018-0},
	url = {http://www.sciencedirect.com/science/article/pii/S0003491602000180},
	author = {A.Yu. Kitaev}
}

@article{SinghPRL2012,
	title = {{Relevance of the Heisenberg-Kitaev Model for the Honeycomb Lattice Iridates ${A}_{2}{\mathrm{IrO}}_{3}$}},
	author = {Singh, Yogesh and Manni, S. and Reuther, J. and Berlijn, T. and Thomale, R. and Ku, W. and Trebst, S. and Gegenwart, P.},
	journal = {Phys. Rev. Lett.},
	volume = {108},
	issue = {12},
	pages = {127203},
	numpages = {5},
	year = {2012},
	month = {Mar},
	publisher = {American Physical Society},
	doi = {10.1103/PhysRevLett.108.127203},
	url = {https://link.aps.org/doi/10.1103/PhysRevLett.108.127203}
}

@article{ChoiPRL2012,
	title = {{Spin Waves and Revised Crystal Structure of Honeycomb Iridate ${\mathrm{Na}}_{2}{\mathrm{IrO}}_{3}$}},
	author = {Choi, S. K. and Coldea, R. and Kolmogorov, A. N. and Lancaster, T. and Mazin, I. I. and Blundell, S. J. and Radaelli, P. G. and Singh, Yogesh and Gegenwart, P. and Choi, K. R. and Cheong, S.-W. and Baker, P. J. and Stock, C. and Taylor, J.},
	journal = {Phys. Rev. Lett.},
	volume = {108},
	issue = {12},
	pages = {127204},
	numpages = {5},
	year = {2012},
	month = {Mar},
	publisher = {American Physical Society},
	doi = {10.1103/PhysRevLett.108.127204},
	url = {https://link.aps.org/doi/10.1103/PhysRevLett.108.127204}
}

@article{CominPRL2012,
	title = {{${\mathrm{Na}}_{2}{\mathrm{IrO}}_{3}$ as a Novel Relativistic Mott Insulator with a 340-meV Gap}},
	author = {Comin, R. and Levy, G. and Ludbrook, B. and Zhu, Z.-H. and Veenstra, C. N. and Rosen, J. A. and Singh, Yogesh and Gegenwart, P. and Stricker, D. and Hancock, J. N. and van der Marel, D. and Elfimov, I. S. and Damascelli, A.},
	journal = {Phys. Rev. Lett.},
	volume = {109},
	issue = {26},
	pages = {266406},
	numpages = {5},
	year = {2012},
	month = {Dec},
	publisher = {American Physical Society},
	doi = {10.1103/PhysRevLett.109.266406},
	url = {https://link.aps.org/doi/10.1103/PhysRevLett.109.266406}
}

@article{FengPRB2012,
	title = {{Direct evidence of a zigzag spin-chain structure in the honeycomb lattice: A neutron and x-ray diffraction investigation of single-crystal Na${}_{2}$IrO${}_{3}$}},
	author = {Ye, Feng and Chi, Songxue and Cao, Huibo and Chakoumakos, Bryan C. and Fernandez-Baca, Jaime A. and Custelcean, Radu and Qi, T. F. and Korneta, O. B. and Cao, G.},
	journal = {Phys. Rev. B},
	volume = {85},
	issue = {18},
	pages = {180403},
	numpages = {4},
	year = {2012},
	month = {May},
	publisher = {American Physical Society},
	doi = {10.1103/PhysRevB.85.180403},
	url = {https://link.aps.org/doi/10.1103/PhysRevB.85.180403}
}

@article{GretarssonPRL2013,
	title = {{Crystal-Field Splitting and Correlation Effect on the Electronic Structure of ${A}_{2}{\mathrm{IrO}}_{3}$}},
	author = {Gretarsson, H. and Clancy, J. P. and Liu, X. and Hill, J. P. and Bozin, Emil and Singh, Yogesh and Manni, S. and Gegenwart, P. and Kim, Jungho and Said, A. H. and Casa, D. and Gog, T. and Upton, M. H. and Kim, Heung-Sik and Yu, J. and Katukuri, Vamshi M. and Hozoi, L. and {van den Brink}, Jeroen and Kim, Young-June},
	journal = {Phys. Rev. Lett.},
	volume = {110},
	issue = {7},
	pages = {076402},
	numpages = {5},
	year = {2013},
	month = {Feb},
	publisher = {American Physical Society},
	doi = {10.1103/PhysRevLett.110.076402},
	url = {https://link.aps.org/doi/10.1103/PhysRevLett.110.076402}
}

@article{GretarssonPRB2013,
	title = {{Magnetic excitation spectrum of Na${}_{2}$IrO${}_{3}$ probed with resonant inelastic x-ray scattering}},
	author = {Gretarsson, H. and Clancy, J. P. and Singh, Yogesh and Gegenwart, P. and Hill, J. P. and Kim, Jungho and Upton, M. H. and Said, A. H. and Casa, D. and Gog, T. and Kim, Young-June},
	journal = {Phys. Rev. B},
	volume = {87},
	issue = {22},
	pages = {220407},
	numpages = {5},
	year = {2013},
	month = {Jun},
	publisher = {American Physical Society},
	doi = {10.1103/PhysRevB.87.220407},
	url = {https://link.aps.org/doi/10.1103/PhysRevB.87.220407}
}

@article{PlumbPRB2014,
	title = {{$\ensuremath{\alpha}\ensuremath{-}{\mathrm{RuCl}}_{3}$: A spin-orbit assisted Mott insulator on a honeycomb lattice}},
	author = {Plumb, K. W. and Clancy, J. P. and Sandilands, L. J. and Shankar, V. Vijay and Hu, Y. F. and Burch, K. S. and Kee, Hae-Young and Kim, Young-June},
	journal = {Phys. Rev. B},
	volume = {90},
	issue = {4},
	pages = {041112},
	numpages = {5},
	year = {2014},
	month = {Jul},
	publisher = {American Physical Society},
	doi = {10.1103/PhysRevB.90.041112},
	url = {https://link.aps.org/doi/10.1103/PhysRevB.90.041112}
}

@article{SandilandsPRL2015,
	title = {{Scattering Continuum and Possible Fractionalized Excitations in $\ensuremath{\alpha}\text{\ensuremath{-}}{\mathrm{RuCl}}_{3}$}},
	author = {Sandilands, Luke J. and Tian, Yao and Plumb, Kemp W. and Kim, Young-June and Burch, Kenneth S.},
	journal = {Phys. Rev. Lett.},
	volume = {114},
	issue = {14},
	pages = {147201},
	numpages = {5},
	year = {2015},
	month = {Apr},
	publisher = {American Physical Society},
	doi = {10.1103/PhysRevLett.114.147201},
	url = {https://link.aps.org/doi/10.1103/PhysRevLett.114.147201}
}

@article{KimPRB2015,
	title = {{Kitaev magnetism in honeycomb ${\text{RuCl}}_{3}$ with intermediate spin-orbit coupling}},
	author = {Kim, Heung-Sik and V., Vijay Shankar and Catuneanu, Andrei and Kee, Hae-Young},
	journal = {Phys. Rev. B},
	volume = {91},
	issue = {24},
	pages = {241110},
	numpages = {5},
	year = {2015},
	month = {Jun},
	publisher = {American Physical Society},
	doi = {10.1103/PhysRevB.91.241110},
	url = {https://link.aps.org/doi/10.1103/PhysRevB.91.241110}
}

@article{MajumderPRB2015,
	title = {{Anisotropic ${\mathrm{Ru}}^{3+} 4{d}^{5}$ magnetism in the $\ensuremath{\alpha}\ensuremath{-}{\mathrm{RuCl}}_{3}$ honeycomb system: Susceptibility, specific heat, and zero-field NMR}},
	author = {Majumder, M. and Schmidt, M. and Rosner, H. and Tsirlin, A. A. and Yasuoka, H. and Baenitz, M.},
	journal = {Phys. Rev. B},
	volume = {91},
	issue = {18},
	pages = {180401},
	numpages = {4},
	year = {2015},
	month = {May},
	publisher = {American Physical Society},
	doi = {10.1103/PhysRevB.91.180401},
	url = {https://link.aps.org/doi/10.1103/PhysRevB.91.180401}
}

@article{SandilandsPRB2016,
	title = {{Spin-orbit excitations and electron\-ic structure of the putative Kitaev magnet $\ensuremath{\alpha}\ensuremath{-}{\mathrm{RuCl}}_{3}$}},
	author = {Sandilands, Luke J. and Tian, Yao and Reijnders, Anjan A. and Kim, Heung-Sik and Plumb, K. W. and Kim, Young-June and Kee, Hae-Young and Burch, Kenneth S.},
	journal = {Phys. Rev. B},
	volume = {93},
	issue = {7},
	pages = {075144},
	numpages = {7},
	year = {2016},
	month = {Feb},
	publisher = {American Physical Society},
	doi = {10.1103/PhysRevB.93.075144},
	url = {https://link.aps.org/doi/10.1103/PhysRevB.93.075144}
}

@article{KubotaPRB2015,
	title = {{Successive magnetic phase transitions in $\ensuremath{\alpha}\ensuremath{-}{\mathrm{RuCl}}_{3}$: XY-like frustrated magnet on the honeycomb lattice}},
	author = {Kubota, Yumi and Tanaka, Hidekazu and Ono, Toshio and Narumi, Yasuo and Kindo, Koichi},
	journal = {Phys. Rev. B},
	volume = {91},
	issue = {9},
	pages = {094422},
	numpages = {9},
	year = {2015},
	month = {Mar},
	publisher = {American Physical Society},
	doi = {10.1103/PhysRevB.91.094422},
	url = {https://link.aps.org/doi/10.1103/PhysRevB.91.094422}
}

@article{BanerjeeNatMat2016,
	author = {Banerjee, A. and Bridges, C. A. and Yan, J. Q. and Aczel, A. A. and Li, L. and Stone, M. B. and Granroth, G. E. and Lumsden, M. D. and Yiu, Y. and Knolle, J. and Bhattacharjee, S. and Kovrizhin, D. L. and Moessner, R. and Tennant, D. A. and Mandrus, D. G. and Nagler, S. E.},
	title = {{Proximate Kitaev quantum spin liquid behaviour in a honeycomb magnet}},
	journal = {Nature Materials},
	volume = {15},
	pages = {733-740},
	year = {2016},
	url = {https://doi.org/10.1038/nmat4604}
}

@article{HwanChunNatPhys2015,
	author = {Hwan Chun, Sae and Kim, Jong-Woo and Kim, Jungho and Zheng, H. and Stoumpos, Constantinos C. and Malliakas, C. D. and Mitchell, J. F. and Mehlawat, Kavita and Singh, Yogesh and Choi, Y. and Gog, T. and Al-Zein, A. and Sala, M. Moretti and Krisch, M. and Chaloupka, J. and Jackeli, G. and Khaliullin, G. and Kim, B. J.},
	title = {{Direct evidence for dominant bond-directional interactions in a honeycomb lattice iridate Na2IrO3}},
	journal = {Nature Physics},
	volume = {11},
	pages = {462-466},
	year = {2015},
	url = {https://doi.org/10.1038/nphys3322}
}

@article{TakayamaPRL2015,
	title = {{Hyperhoneycomb Iridate $\ensuremath{\beta}\text{\ensuremath{-}}{\mathrm{Li}}_{2}{\mathrm{IrO}}_{3}$ as a Platform for Kitaev Magnetism}},
	author = {Takayama, T. and Kato, A. and Dinnebier, R. and Nuss, J. and Kono, H. and Veiga, L. S. I. and Fabbris, G. and Haskel, D. and Takagi, H.},
	journal = {Phys. Rev. Lett.},
	volume = {114},
	issue = {7},
	pages = {077202},
	numpages = {5},
	year = {2015},
	month = {Feb},
	publisher = {American Physical Society},
	doi = {10.1103/PhysRevLett.114.077202},
	url = {https://link.aps.org/doi/10.1103/PhysRevLett.114.077202}
}

@article{ModicNatComm2014,
	title = {{Realization of a three-dimensional spin-anisotropic harmonic honeycomb iridate}},
	author = {Modic, K. A. and Smidt, Tess E. and Kimchi, Itamar and Breznay, Nicholas P. and Biffin, Alun and Choi, Sungkyun and Johnson, Roger D. and Coldea, Radu and Watkins-Curry, Pilanda and McCandless, Gregory T. and Chan, Julia Y. and Gandara, Felipe and Islam, Z. and Vishwanath, Ashvin and Shekhter, Arkady and McDonald, Ross D. and Analytis, James G.},
	journal = {Nature Communications},
	year = {2014},
	volume = {5},
	pages = {4203},
	url = {https://doi.org/10.1038/ncomms5203}
}

@article{FengPRL2007,
	title = {{Topological Characterization of Quantum Phase Transitions in a Spin-$1/2$ Model}},
	author = {Feng, Xiao-Yong and Zhang, Guang-Ming and Xiang, Tao},
	journal = {Phys. Rev. Lett.},
	volume = {98},
	issue = {8},
	pages = {087204},
	numpages = {4},
	year = {2007},
	month = {Feb},
	publisher = {American Physical Society},
	doi = {10.1103/PhysRevLett.98.087204},
	url = {https://link.aps.org/doi/10.1103/PhysRevLett.98.087204}
}

@article{YaoPRL2007,
	title = {{Exact Chiral Spin Liquid with Non-Abelian Anyons}},
	author = {Yao, Hong and Kivelson, Steven A.},
	journal = {Phys. Rev. Lett.},
	volume = {99},
	issue = {24},
	pages = {247203},
	numpages = {4},
	year = {2007},
	month = {Dec},
	publisher = {American Physical Society},
	doi = {10.1103/PhysRevLett.99.247203},
	url = {https://link.aps.org/doi/10.1103/PhysRevLett.99.247203}
}

@book{Tsvelik2003,
	place={Cambridge},
	edition={2},
	title={{Quantum Field Theory in Condensed Matter Physics}},
	DOI={10.1017/CBO9780511615832},
	publisher={Cambridge University Press},
	author={Tsvelik, Alexei M.},
	year={2003}
}

@article{LiebPRL1994,
	title = {{Flux Phase of the Half-Filled Band}},
	author = {Lieb, Elliott H.},
	journal = {Phys. Rev. Lett.},
	volume = {73},
	issue = {16},
	pages = {2158--2161},
	numpages = {0},
	year = {1994},
	month = {Oct},
	publisher = {American Physical Society},
	doi = {10.1103/PhysRevLett.73.2158},
	url = {https://link.aps.org/doi/10.1103/PhysRevLett.73.2158}
}

@Article{MacrisJSP1996,
	author= {Macris, Nicolas and Nachtergaele, Bruno},
	title= {{On the flux phase conjecture at half-filling: An improved proof}},
	journal= {Journal of Statistical Physics},
	year= {1996},
	month= {Dec},
	day= {01},
	volume= {85},
	number= {5},
	pages={745--761},
	issn= {1572-9613},
	doi= {10.1007/BF02199361},
	url= {https://doi.org/10.1007/BF02199361}
}

@article{LiebHPA1992,
	author = {Lieb, Elliott H.},
	title = {{The flux-phase problem on planar lattices}},
	url = {https://www.e-periodica.ch/digbib/view?pid=hpa-001:1992:65::1167#249},
	journal = {Helvetica Physica Acta},
	year = {1992},
	volume = {65}
}

@article{LiebDMJ1993,
	author = {Lieb, Elliott H. and Loss, Michael},
	doi = {10.1215/S0012-7094-93-07114-1},
	journal = {Duke Math. J.},
	month = {08},
	number = {2},
	pages = {337--363},
	publisher = {Duke University Press},
	title = {{Fluxes, Laplacians, and Kasteleyn's theorem}},
	url = {https://doi.org/10.1215/S0012-7094-93-07114-1},
	volume = {71},
	year = {1993}
}

@article{ZirnbauerJMP1996,
	author = {Zirnbauer, Martin R.},
	title = {{Riemannian symmetric superspaces and their origin in random-matrix theory}},
	journal = {Journal of Mathematical Physics},
	volume = {37},
	number = {10},
	pages = {4986--5018},
	year = {1996},
	doi = {10.1063/1.531675},
	url = {https://doi.org/10.1063/1.531675}
}

@article{AltlandPRB1997,
	title = {{Nonstandard symmetry classes in mesoscopic normal-superconducting hybrid structures}},
	author = {Altland, Alexander and Zirnbauer, Martin R.},
	journal = {Phys. Rev. B},
	volume = {55},
	issue = {2},
	pages = {1142--1161},
	numpages = {0},
	year = {1997},
	month = {Jan},
	publisher = {American Physical Society},
	doi = {10.1103/PhysRevB.55.1142},
	url = {https://link.aps.org/doi/10.1103/PhysRevB.55.1142}
}

@article{KitaevAIP2009,
	author = {Kitaev, Alexei},
	title = {{Periodic table for topological insulators and superconductors}},
	journal = {AIP Conference Proceedings},
	volume = {1134},
	number = {1},
	pages = {22--30},
	year = {2009},
	doi = {10.1063/1.3149495},	
	url = {https://aip.scitation.org/doi/abs/10.1063/1.3149495}	
}

@article{RyuNJP2010,
	author = {Shinsei Ryu and Andreas P Schnyder and Akira Furusaki and Andreas W W Ludwig},
	title = {{Topological insulators and superconductors: tenfold way and dimensional hierarchy}},
	journal = {New Journal of Physics},
	volume = {12},
	number = {6},
	pages = {065010},
	url = {http://stacks.iop.org/1367-2630/12/i=6/a=065010},
	year = {2010}
}

@article{WenPRB2012,
	title = {{Symmetry-protected topological phases in noninteracting fer\-mion systems}},
	author = {Wen, Xiao-Gang},
	journal = {Phys. Rev. B},
	volume = {85},
	issue = {8},
	pages = {085103},
	numpages = {14},
	year = {2012},
	month = {Feb},
	publisher = {American Physical Society},
	doi = {10.1103/PhysRevB.85.085103},
	url = {https://link.aps.org/doi/10.1103/PhysRevB.85.085103}
}

@article{ThoulessPRL1982,
	title = {{Quantized Hall Conductance in a Two-Dimensional Periodic Potential}},
	author = {Thouless, D. J. and Kohmoto, M. and Nightingale, M. P. and den Nijs, M.},
	journal = {Phys. Rev. Lett.},
	volume = {49},
	issue = {6},
	pages = {405--408},
	numpages = {0},
	year = {1982},
	month = {Aug},
	publisher = {American Physical Society},
	doi = {10.1103/PhysRevLett.49.405},
	url = {https://link.aps.org/doi/10.1103/PhysRevLett.49.405}
}

@article{AvronPRL1983,
	title = {{Homotopy and Quantization in Condensed Matter Physics}},
	author = {Avron, J. E. and Seiler, R. and Simon, B.},
	journal = {Phys. Rev. Lett.},
	volume = {51},
	issue = {1},
	pages = {51--53},
	numpages = {0},
	year = {1983},
	month = {Jul},
	publisher = {American Physical Society},
	doi = {10.1103/PhysRevLett.51.51},
	url = {https://link.aps.org/doi/10.1103/PhysRevLett.51.51}
}

@article{BellissardJMP1994,
	author = {Bellissard, J. and van Elst, A.  and Schulz-Baldes, H.},
	title = {{The noncommutative geometry of the quantum Hall effect}},
	journal = {Journal of Mathematical Physics},
	volume = {35},
	number = {10},
	pages = {5373--5451},
	year = {1994},
	doi = {10.1063/1.530758},
	url = {https://doi.org/10.1063/1.530758}	
}

@article{HalperinPRB1982,
	title = {{Quantized Hall conductance, current-carrying edge states, and the existence of extended states in a two-dimensional disordered potential}},
	author = {Halperin, B. I.},
	journal = {Phys. Rev. B},
	volume = {25},
	issue = {4},
	pages = {2185--2190},
	numpages = {0},
	year = {1982},
	month = {Feb},
	publisher = {American Physical Society},
	doi = {10.1103/PhysRevB.25.2185},
	url = {https://link.aps.org/doi/10.1103/PhysRevB.25.2185}
}

@article{HatsugaiPRL1993,
	title = {{Chern number and edge states in the integer quantum Hall effect}},
	author = {Hatsugai, Yasuhiro},
	journal = {Phys. Rev. Lett.},
	volume = {71},
	issue = {22},
	pages = {3697--3700},
	numpages = {0},
	year = {1993},
	month = {Nov},
	publisher = {American Physical Society},
	doi = {10.1103/PhysRevLett.71.3697},
	url = {https://link.aps.org/doi/10.1103/PhysRevLett.71.3697}
}

@article{SchulzBaldesJPA2000,
	author = {Schulz-Baldes, H., and Kellendonk, J. and Richter, T.},
	title = {{Simultaneous quantization of edge and bulk Hall conductivity}},
	journal = {Journal of Physics A: Mathematical and General},
	volume = {33},
	number = {2},
	pages = {L27},
	url = {http://stacks.iop.org/0305-4470/33/i=2/a=102},
	year = {2000}
}

@article{KellendonkRMaP2002,
	author = {Kellendonk, J. and Richter, T. and Schulz-Baldes, H.},
	title = {{Edge current channels and Chern numbers in the integer quantum Hall effect}},
	journal = {Reviews in Mathematical Physics},
	volume = {14},
	number = {01},
	pages = {87--119},
	year = {2002},
	doi = {10.1142/S0129055X02001107},
	url = {https://doi.org/10.1142/S0129055X02001107}
}

@article{KanePRB1997,
	title = {{Quantized thermal transport in the fractional quantum Hall effect}},
	author = {Kane, C. L. and Fisher, Matthew P. A.},
	journal = {Phys. Rev. B},
	volume = {55},
	issue = {23},
	pages = {15832--15837},
	numpages = {0},
	year = {1997},
	month = {Jun},
	publisher = {American Physical Society},
	doi = {10.1103/PhysRevB.55.15832},
	url = {https://link.aps.org/doi/10.1103/PhysRevB.55.15832}
}

@article{CapelliNPB2002,
	title = {{Thermal transport in chiral conformal theories and hierarchical quantum Hall states}},
	journal = {Nuclear Physics B},
	volume = {636},
	number = {3},
	pages = {568--582},
	year = {2002},
	issn = {0550-3213},
	doi = {https://doi.org/10.1016/S0550-3213(02)00340-1},
	url = {http://www.sciencedirect.com/science/article/pii/S0550321302003401},
	author = {Cappelli, A. and Huerta, M. and Zemba, G.~R.}
}

@article{AffleckPRB1988,
	title = {{SU(2) gauge symmetry of the large-$U$ limit of the Hubbard model}},
	author = {Affleck, Ian and Zou, Z. and Hsu, T. and Anderson, P.~W.},
	journal = {Phys. Rev. B},
	volume = {38},
	issue = {1},
	pages = {745--747},
	numpages = {0},
	year = {1988},
	month = {Jul},
	publisher = {American Physical Society},
	doi = {10.1103/PhysRevB.38.745},
	url = {https://link.aps.org/doi/10.1103/PhysRevB.38.745}
}

@article{BaskaranSSC1987,
	title = {{The resonating valence bond state and high-Tc superconductivity -- A mean field theory}},
	author = {Baskaran, G. and Zou, Z. and Anderson, P.~W.},
	journal = {Solid State Communications},
	volume = {63},
	number = {11},
	pages = {973 -- 976},
	year = {1987},
	issn = {0038--1098},
	doi = {https://doi.org/10.1016/0038-1098(87)90642-9},
	url = {http://www.sciencedirect.com/science/article/pii/0038109887906429}
}

@article{TsuiPRL1982,
	title = {{Two-Dimensional Magnetotransport in the Extreme Quantum Limit}},
	author = {Tsui, D. C. and Stormer, H. L. and Gossard, A. C.},
	journal = {Phys. Rev. Lett.},
	volume = {48},
	issue = {22},
	pages = {1559--1562},
	numpages = {0},
	year = {1982},
	month = {May},
	publisher = {American Physical Society},
	doi = {10.1103/PhysRevLett.48.1559},
	url = {https://link.aps.org/doi/10.1103/PhysRevLett.48.1559}
}

@article{LaughlinPRL1983,
	title = {{Anomalous Quantum Hall Effect: An Incompressible Quantum Fluid with Fractionally Charged Excitations}},
	author = {Laughlin, R. B.},
	journal = {Phys. Rev. Lett.},
	volume = {50},
	issue = {18},
	pages = {1395--1398},
	numpages = {0},
	year = {1983},
	month = {May},
	publisher = {American Physical Society},
	doi = {10.1103/PhysRevLett.50.1395},
	url = {https://link.aps.org/doi/10.1103/PhysRevLett.50.1395}
}

@article{WenPRB1989,
	title = {{Vacuum degeneracy of chiral spin states in compactified space}},
	author = {Wen, X. G.},
	journal = {Phys. Rev. B},
	volume = {40},
	issue = {10},
	pages = {7387--7390},
	numpages = {0},
	year = {1989},
	month = {Oct},
	publisher = {American Physical Society},
	doi = {10.1103/PhysRevB.40.7387},
	url = {https://link.aps.org/doi/10.1103/PhysRevB.40.7387}
}

@article{WenPRB1990,
	title = {{Ground-state degeneracy of the fractional quantum Hall states in the presence of a random potential and on high-genus Riemann surfaces}},
	author = {Wen, X. G. and Niu, Q.},
	journal = {Phys. Rev. B},
	volume = {41},
	issue = {13},
	pages = {9377--9396},
	numpages = {0},
	year = {1990},
	month = {May},
	publisher = {American Physical Society},
	doi = {10.1103/PhysRevB.41.9377},
	url = {https://link.aps.org/doi/10.1103/PhysRevB.41.9377}
}

@article{WenJMPB1990,
	author = {Wen, X. G.},
	title = {{Topological Orders in Rigid States}},
	journal = {International Journal of Modern Physics B},
	volume = {04},
	number = {02},
	pages = {239--271},
	year = {1990},
	doi = {10.1142/S0217979290000139},
	url = {https://doi.org/10.1142/S0217979290000139}
}

@article{WenAiP1995,
	author = {Wen, X. G. },
	title = {{Topological orders and edge excitations in fractional quantum Hall states}},
	journal = {Advances in Physics},
	volume = {44},
	number = {5},
	pages = {405--473},
	year  = {1995},
	publisher = {Taylor & Francis},
	doi = {10.1080/00018739500101566},
	url = {https://doi.org/10.1080/00018739500101566}	
}

@article{LandauNature1936,
	author = {Landau, L. D.},
	title = {{The Theory of Phase Transitions}},
	journal = {Nature},
	year = {1936},
	volume = {138},
	pages = {840},
	url = {https://doi.org/10.1038/138840a0}
}

@article{LandauZETF1937,
	author = {Landau, L. D.},
	title = {{On the Theory of Phase Transitions}},
	journal = {Zh. Eksp. Teor. Fiz.},
	volume = {7},
	year = {1937},
	pages = {19--32}
}

@article{GinzburgZETF1950,
	author         = {Ginzburg, V. L. and Landau, L. D.},
	title          = {{On the Theory of superconductivity}},
	journal        = {Zh. Eksp. Teor. Fiz.},
	volume         = {20},
	year           = {1950},
	pages          = {1064--1082}
}

@article{LandauZETF1956,
	author = {Landau, L. D.},
	title = {{The Theory of a Fermi Liquid}},
	journal = {Zh. Eksp. Teor. Fiz.},
	volume = {30},
	year = {1956},
	pages = {1058--1064}
}

@article{LandauZETF1957,
	author = {Landau, L. D.},
	title = {{Oscillations in a Fermi Liquid}},
	journal = {Zh. Eksp. Teor. Fiz.},
	volume = {32},
	year = {1957},
	pages = {59--66}
}

@article{LandauZETF1958,
	author = {Landau, L. D.},
	title = {{On the Theory of the Fermi Liquid}},
	journal = {Zh. Eksp. Teor. Fiz.},
	volume = {35},
	year = {1958},
	pages = {97}
}

@article{SilinJETP1958,
	author = {Silin, V.~P.},
	title = {{Theory of a Degenerate Electron Liquid}},
	journal = {JETP},
	volume = {6},
	year = {1958},
	pages = {387}
}

@article{SilinJETP1959,
	author = {Silin, V.~P.},
	title = {{The Oscillations of a Degenerate Electron Fluid}},
	journal = {JETP},
	volume = {8},
	year = {1959},
	pages = {870}
}

@book{Anderson1984,
	title = {{Basic notions of condensed matter physics}},
	author = {Anderson, P.~W.},
	number = {v. 55},
	isbn = {9780805302196},
	lccn = {lc83015665},
	series = {Frontiers in physics},
	url = {https://books.google.de/books?id=MZPvAAAAMAAJ},
	year = {1984},
	publisher = {Benjamin/Cummings Pub. Co., Advanced Book Program}
}

@article{WilsonPRB1971I,
	title = {{Renormalization Group and Critical Phenomena. I. Renormalization Group and the Kadanoff Scaling Picture}},
	author = {Wilson, Kenneth G.},
	journal = {Phys. Rev. B},
	volume = {4},
	issue = {9},
	pages = {3174--3183},
	numpages = {0},
	year = {1971},
	month = {Nov},
	publisher = {American Physical Society},
	doi = {10.1103/PhysRevB.4.3174},
	url = {https://link.aps.org/doi/10.1103/PhysRevB.4.3174}
}

@article{WilsonPRB1971II,
	title = {{Renormalization Group and Critical Phenomena. II. Phase-Space Cell Analysis of Critical Behavior}},
	author = {Wilson, Kenneth G.},
	journal = {Phys. Rev. B},
	volume = {4},
	issue = {9},
	pages = {3184--3205},
	numpages = {0},
	year = {1971},
	month = {Nov},
	publisher = {American Physical Society},
	doi = {10.1103/PhysRevB.4.3184},
	url = {https://link.aps.org/doi/10.1103/PhysRevB.4.3184}
}

@article{WilsonPRL1972,
	title = {{Critical Exponents in 3.99 Dimensions}},
	author = {Wilson, Kenneth G. and Fisher, Michael E.},
	journal = {Phys. Rev. Lett.},
	volume = {28},
	issue = {4},
	pages = {240--243},
	numpages = {0},
	year = {1972},
	month = {Jan},
	publisher = {American Physical Society},
	doi = {10.1103/PhysRevLett.28.240},
	url = {https://link.aps.org/doi/10.1103/PhysRevLett.28.240}
}

@article{WilsonRMP1975,
	title = {{The renormalization group: Critical phenomena and the Kondo problem}},
	author = {Wilson, Kenneth G.},
	journal = {Rev. Mod. Phys.},
	volume = {47},
	issue = {4},
	pages = {773--840},
	numpages = {0},
	year = {1975},
	month = {Oct},
	publisher = {American Physical Society},
	doi = {10.1103/RevModPhys.47.773},
	url = {https://link.aps.org/doi/10.1103/RevModPhys.47.773}
}

@book{Pines1966,
	title = {{The Theory of Quantum Liquids: Normal Fermi liquids}},
	author = {Pines, D. and Nozi{\`e}res, P.},
	lccn = {66013108},
	series = {{The Theory of Quantum Liquids}},
	year = {1966},
	publisher = {W.A. Benjamin}
}

@book{Leggett2006,
	title = {{Quantum Liquids: Bose Condensation and Cooper Pairing in Condensed-Matter Systems}},
	author = {Leggett, A.~J.},
	isbn = {0198526431},
	publisher = {Oxford University Press}
}

@book{Coleman2015,
	place = {Cambridge},
	title = {{Introduction to Many-Body Physics}},
	doi = {10.1017/CBO9781139020916},
	publisher = {Cambridge University Press},
	author = {Coleman, Piers},
	year = {2015}
}

@article{BenfattoPRB1990,
	title = {{Renormalization-group approach to the theory of the Fermi surface}},
	author = {Benfatto, G. and Gallavotti, G.},
	journal = {Phys. Rev. B},
	volume = {42},
	issue = {16},
	pages = {9967--9972},
	numpages = {0},
	year = {1990},
	month = {Dec},
	publisher = {American Physical Society},
	doi = {10.1103/PhysRevB.42.9967},
	url = {https://link.aps.org/doi/10.1103/PhysRevB.42.9967}
}

@article{ShankarRMP1994,
	title = {{Renormalization-group approach to interacting fermions}},
	author = {Shankar, R.},
	journal = {Rev. Mod. Phys.},
	volume = {66},
	issue = {1},
	pages = {129--192},
	numpages = {0},
	year = {1994},
	month = {Jan},
	publisher = {American Physical Society},
	doi = {10.1103/RevModPhys.66.129},
	url = {https://link.aps.org/doi/10.1103/RevModPhys.66.129}
}

@article{LuttingerJMP1963,
	author = {Luttinger, J.~M.},
	title = {{An Exactly Soluble Model of a Many-Fermion System}},
	journal = {Journal of Mathematical Physics},
	volume = {4},
	number = {9},
	pages = {1154--1162},
	year = {1963},
	doi = {10.1063/1.1704046},
	url = {https://doi.org/10.1063/1.1704046}
}

@article{HaldaneJoPC1981,
	author = {Haldane, F.~D.~M},
	title = {{'Luttinger liquid theory' of one-dimensional quantum fluids. I. Properties of the Luttinger model and their extension to the general 1D interacting spinless Fermi gas}},
	journal = {Journal of Physics C: Solid State Physics},
	volume = {14},
	number = {19},
	pages = {2585},
	url = {http://stacks.iop.org/0022-3719/14/i=19/a=010},
	year = {1981}
}

@book{Wen2004,
	title = {{Quantum Field Theory of Many-Body Systems: From the Origin of Sound to an Origin of Light and Electrons}},
	isbn = {0198530943},
	series = {{Oxford Graduate Texts}},
	doi = {DOI:10.1093/acprof:oso/9780199227259.001.0001},
	publisher = {Oxford University Press},
	author = {Wen, Xiao-Gang},
	year = {2004}
}

@article{KeenPL1963,
	title = {{The acoustic impedance of liquid He3 and zero sound}},
	journal = {Physics Letters},
	volume = {5},
	number = {1},
	pages = {5--6},
	year = {1963},
	issn = {0031--9163},
	doi = {https://doi.org/10.1016/S0375-9601(63)80002-X},
	url = {http://www.sciencedirect.com/science/article/pii/S037596016380002X},
	author = {B.E. Keen and P.W. Matthews and J. Wilks}
}

@article{AbelPRL1966,
	title = {{Propagation of Zero Sound in Liquid ${\mathrm{He}}^{3}$ at Low Temperatures}},
	author = {Abel, W. R. and Anderson, A. C. and Wheatley, J. C.},
	journal = {Phys. Rev. Lett.},
	volume = {17},
	issue = {2},
	pages = {74--78},
	numpages = {0},
	year = {1966},
	month = {Jul},
	publisher = {American Physical Society},
	doi = {10.1103/PhysRevLett.17.74},
	url = {https://link.aps.org/doi/10.1103/PhysRevLett.17.74}
}

@article{MerminPR1967,
	title = {{Existence of Zero Sound in a Fermi Liquid}},
	author = {Mermin, N. D.},
	journal = {Phys. Rev.},
	volume = {159},
	issue = {1},
	pages = {161--164},
	numpages = {0},
	year = {1967},
	month = {Jul},
	publisher = {American Physical Society},
	doi = {10.1103/PhysRev.159.161},
	url = {https://link.aps.org/doi/10.1103/PhysRev.159.161}
}

@article{BlokPRB1990a,
	title = {{Effective theories of the fractional quantum Hall effect at generic filling fractions}},
	author = {Blok, B. and Wen, X. G.},
	journal = {Phys. Rev. B},
	volume = {42},
	issue = {13},
	pages = {8133--8144},
	numpages = {0},
	year = {1990},
	month = {Nov},
	publisher = {American Physical Society},
	doi = {10.1103/PhysRevB.42.8133},
	url = {https://link.aps.org/doi/10.1103/PhysRevB.42.8133}
}

@article{BlokPRB1990b,
	title = {{Effective theories of the fractional quantum Hall effect: Hierarchy construction}},
	author = {Blok, B. and Wen, X. G.},
	journal = {Phys. Rev. B},
	volume = {42},
	issue = {13},
	pages = {8145--8156},
	numpages = {0},
	year = {1990},
	month = {Nov},
	publisher = {American Physical Society},
	doi = {10.1103/PhysRevB.42.8145},
	url = {https://link.aps.org/doi/10.1103/PhysRevB.42.8145}
}

@article{ReadPRL1990,
	title = {{Excitation structure of the hierarchy scheme in the fractional quantum Hall effect}},
	author = {Read, N.},
	journal = {Phys. Rev. Lett.},
	volume = {65},
	issue = {12},
	pages = {1502--1505},
	numpages = {0},
	year = {1990},
	month = {Sep},
	publisher = {American Physical Society},
	doi = {10.1103/PhysRevLett.65.1502},
	url = {https://link.aps.org/doi/10.1103/PhysRevLett.65.1502}
}

@article{FroehlichNPB1991,
	title = {{Universality in quantum Hall systems}},
	author = {J. Fr\"ohlich and T. Kerler},
	journal = {Nuclear Physics B},
	volume = {354},
	number = {2},
	pages = {369--417},
	year = {1991},
	issn = {0550-3213},
	doi = {https://doi.org/10.1016/0550-3213(91)90360-A},
	url = {https://www.sciencedirect.com/science/article/pii/055032139190360A}
}

@article{FroehlichRMP1993,
	title = {{Gauge invariance and current algebra in nonrelativistic many-body theory}},
	author = {Fr\"ohlich, J\"urg and Studer, Urban M.},
	journal = {Rev. Mod. Phys.},
	volume = {65},
	issue = {3},
	pages = {733--802},
	numpages = {0},
	year = {1993},
	month = {Jul},
	publisher = {American Physical Society},
	doi = {10.1103/RevModPhys.65.733},
	url = {https://link.aps.org/doi/10.1103/RevModPhys.65.733}
}

@article{HaldanePRL1983,
	title = {{Fractional Quantization of the Hall Effect: A Hierarchy of Incompressible Quantum Fluid States}},
	author = {Haldane, F. D. M.},
	journal = {Phys. Rev. Lett.},
	volume = {51},
	issue = {7},
	pages = {605--608},
	numpages = {0},
	year = {1983},
	month = {Aug},
	publisher = {American Physical Society},
	doi = {10.1103/PhysRevLett.51.605},
	url = {https://link.aps.org/doi/10.1103/PhysRevLett.51.605}
}

@article{HaldanePRB1985,
	title = {{Periodic Laughlin-Jastrow wave functions for the fractional quantized Hall effect}},
	author = {Haldane, F. D. M. and Rezayi, E. H.},
	journal = {Phys. Rev. B},
	volume = {31},
	issue = {4},
	pages = {2529--2531},
	numpages = {0},
	year = {1985},
	month = {Feb},
	publisher = {American Physical Society},
	doi = {10.1103/PhysRevB.31.2529},
	url = {https://link.aps.org/doi/10.1103/PhysRevB.31.2529}
}

@article{WenIJMP1992,
	author = {Wen, Xiao-Gang},
	title = {{Theory of the edge states in fractional quantum Hall effects}},
	journal = {Int. J. Mod. Phys.},
	volume = {06},
	number = {10},
	pages = {1711--1762},
	year = {1992},
	doi = {10.1142/S0217979292000840},
	url = {https://doi.org/10.1142/S0217979292000840},
	eprint = {https://doi.org/10.1142/S0217979292000840}	
}

@article{WenPLA2002,
	title = {{Quantum order: a quantum entanglement of many particles}},
	author = {Xiao-Gang Wen},
	journal = {Physics Letters A},
	volume = {300},
	number = {2},
	pages = {175--181},
	year = {2002},
	issn = {0375-9601},
	doi = {https://doi.org/10.1016/S0375-9601(02)00808-3},
	url = {http://www.sciencedirect.com/science/article/pii/S0375960102008083}
}

@article{NambuPRL1960,
	title = {{Axial Vector Current Conservation in Weak Interactions}},
	author = {Nambu, Yoichiro},
	journal = {Phys. Rev. Lett.},
	volume = {4},
	issue = {7},
	pages = {380--382},
	numpages = {0},
	year = {1960},
	month = {Apr},
	publisher = {American Physical Society},
	doi = {10.1103/PhysRevLett.4.380},
	url = {https://link.aps.org/doi/10.1103/PhysRevLett.4.380}
}

@Article{GoldstoneINC1961,
	author = {Goldstone, J.},
	title = {{Field theories with Superconductor solutions}},
	journal = {Il Nuovo Cimento (1955-1965)},
	year = {1961},
	month = {Jan},
	day = {01},
	volume = {19},
	number = {1},
	pages = {154--164},
	issn = {1827-6121},
	doi = {10.1007/BF02812722}
}

@article{KalmeyerPRL1987,
	title = {{Equivalence of the resonating-valence-bond and fractional quantum Hall states}},
	author = {Kalmeyer, V. and Laughlin, R. B.},
	journal = {Phys. Rev. Lett.},
	volume = {59},
	issue = {18},
	pages = {2095--2098},
	numpages = {0},
	year = {1987},
	month = {Nov},
	publisher = {American Physical Society},
	doi = {10.1103/PhysRevLett.59.2095},
	url = {https://link.aps.org/doi/10.1103/PhysRevLett.59.2095}
}

@article{WenPRB1989b,
	title = {{Chiral spin states and superconductivity}},
	author = {Wen, X. G. and Wilczek, Frank and Zee, A.},
	journal = {Phys. Rev. B},
	volume = {39},
	issue = {16},
	pages = {11413--11423},
	numpages = {0},
	year = {1989},
	month = {Jun},
	publisher = {American Physical Society},
	doi = {10.1103/PhysRevB.39.11413},
	url = {https://link.aps.org/doi/10.1103/PhysRevB.39.11413}
}

@article{WenPRB1991,
	title = {{Mean-field theory of spin-liquid states with finite energy gap and topological orders}},
	author = {Wen, X. G.},
	journal = {Phys. Rev. B},
	volume = {44},
	issue = {6},
	pages = {2664--2672},
	numpages = {0},
	year = {1991},
	month = {Aug},
	publisher = {American Physical Society},
	doi = {10.1103/PhysRevB.44.2664},
	url = {https://link.aps.org/doi/10.1103/PhysRevB.44.2664}
}

@article{RantnerPRL2001,
	title = {{Electron Spectral Function and Algebraic Spin Liquid for the Normal State of Underdoped High ${T}_{c}$ Superconductors}},
	author = {Rantner, Walter and Wen, Xiao-Gang},
	journal = {Phys. Rev. Lett.},
	volume = {86},
	issue = {17},
	pages = {3871--3874},
	numpages = {0},
	year = {2001},
	month = {Apr},
	publisher = {American Physical Society},
	doi = {10.1103/PhysRevLett.86.3871},
	url = {https://link.aps.org/doi/10.1103/PhysRevLett.86.3871}
}

@article{IoffePRB1989,
	title = {{Gapless fermions and gauge fields in dielectrics}},
	author = {Ioffe, L. B. and Larkin, A. I.},
	journal = {Phys. Rev. B},
	volume = {39},
	issue = {13},
	pages = {8988--8999},
	numpages = {0},
	year = {1989},
	month = {May},
	publisher = {American Physical Society},
	doi = {10.1103/PhysRevB.39.8988},
	url = {https://link.aps.org/doi/10.1103/PhysRevB.39.8988}
}

@article{YamadaPRB2017,
	title = {{Crystalline Kitaev spin liquids}},
	author = {Yamada, Masahiko G. and Dwivedi, Vatsal and Hermanns, Maria},
	journal = {Phys. Rev. B},
	volume = {96},
	issue = {15},
	pages = {155107},
	numpages = {15},
	year = {2017},
	month = {Oct},
	publisher = {American Physical Society},
	doi = {10.1103/PhysRevB.96.155107},
	url = {https://link.aps.org/doi/10.1103/PhysRevB.96.155107}
}

@article{HeeschZFK1933,
	title = {{Ueber duenne Kugelpackungen}},
	author = {Heesch, H. and Laves, F.},
	journal = {Zeitschrift f\"ur Kristallographie},
	volume = {85},
	pages = {443--453},
	year = {1933},
	doi = {doi:10.1524/zkri.1933.85.1.443}
}

@article{SunadaAMS2008,
	title = {{Crystals That Nature Might Miss Creating}},
	author = {Sunada, Toshikazu},
	journal = {Notices of the AMS},
	volume = {55},
	number = {2},
	pages = {208--215},
	year = {2008}
}

@article{WawrzikPRB2018,
	title = {{Topological semi\-metals and insulators in three-dimensional honeycomb materials}},
	author = {Wawrzik, Dennis and Lindner, David and Hermanns, Maria and Trebst, Simon},
	journal = {Phys. Rev. B},
	volume = {98},
	issue = {11},
	pages = {115114},
	numpages = {17},
	year = {2018},
	month = {Sep},
	publisher = {American Physical Society},
	doi = {10.1103/PhysRevB.98.115114},
	url = {https://link.aps.org/doi/10.1103/PhysRevB.98.115114}
}

@article{YangPRB2007,
	title = {{Mosaic spin models with topological order}},
	author = {Yang, S. and Zhou, D. L. and Sun, C. P.},
	journal = {Phys. Rev. B},
	volume = {76},
	issue = {18},
	pages = {180404},
	numpages = {4},
	year = {2007},
	month = {Nov},
	publisher = {American Physical Society},
	doi = {10.1103/PhysRevB.76.180404},
	url = {https://link.aps.org/doi/10.1103/PhysRevB.76.180404}
}

@article{LaiPRB2011,
	title = {{SU(2)-invariant Majorana spin liquid with stable parton Fermi surfaces in an exactly solvable model}},
	author = {Lai, Hsin-Hua and Motrunich, Olexei I.},
	journal = {Phys. Rev. B},
	volume = {84},
	issue = {8},
	pages = {085141},
	numpages = {9},
	year = {2011},
	month = {Aug},
	publisher = {American Physical Society},
	doi = {10.1103/PhysRevB.84.085141},
	url = {https://link.aps.org/doi/10.1103/PhysRevB.84.085141}
}

@article{ZhaoPRL2013,
	title = {{Topological Classification and Stability of Fermi Surfaces}},
	author = {Zhao, Y. X. and Wang, Z. D.},
	journal = {Phys. Rev. Lett.},
	volume = {110},
	issue = {24},
	pages = {240404},
	numpages = {5},
	year = {2013},
	month = {Jun},
	publisher = {American Physical Society},
	doi = {10.1103/PhysRevLett.110.240404},
	url = {https://link.aps.org/doi/10.1103/PhysRevLett.110.240404}
}

@article{MatsuuraNJP2013,
	author = {Shunji Matsuura and Po-Yao Chang and Andreas P Schnyder and Shinsei Ryu},
	title = {{Protected boundary states in gapless topological phases}},
	journal = {New Journal of Physics},
	volume = {15},
	number = {6},
	pages = {065001},
	url = {http://stacks.iop.org/1367-2630/15/i=6/a=065001},
	year = {2013}
}

@article{EschmannPRL2019,
	title = {{Thermodynamics of a gauge-frustrated Kitaev spin liquid}},
	author = {Eschmann, T. and Mishchenko, P.~A. and Bojesen, T.~A. and Kato, Y. and Hermanns, M. and Motome, Y. and Trebst, S.},
	journal = {arXiv:1901.05283v1},
	url = {https://arxiv.org/abs/1901.05283v1}
}

@article{MischenkoPRB2019,
	title = {{Chiral spin liquids with nonuniform flux configurations in a three-dimensional Kitaev model}},
	author = {Mishchenko, P.~A. and Kato, Y. and O'Brien, K. and Bojesen, T.~A. and Eschmann, T. and Hermanns, M. and Trebst, S. and Motome, Y.},
	journal = {Manuscript in preparation}
}

@article{SmithPRB2016,
	title = {{Majorana spectroscopy of three-dimensional Kitaev spin liquids}},
	author = {Smith, A. and Knolle, J. and Kovrizhin, D. L. and Chalker, J. T. and Moessner, R.},
	journal = {Phys. Rev. B},
	volume = {93},
	issue = {23},
	pages = {235146},
	numpages = {13},
	year = {2016},
	month = {Jun},
	publisher = {American Physical Society},
	doi = {10.1103/PhysRevB.93.235146},
	url = {https://link.aps.org/doi/10.1103/PhysRevB.93.235146}
}

@article{HalaszPRL2017,
	title = {{Probing Spinon Nodal Structures in Three-Dimensional Kitaev Spin Liquids}},
	author = {Hal\'asz, G\'abor B. and Perreault, Brent and Perkins, Natalia B.},
	journal = {Phys. Rev. Lett.},
	volume = {119},
	issue = {9},
	pages = {097202},
	numpages = {6},
	year = {2017},
	month = {Aug},
	publisher = {American Physical Society},
	doi = {10.1103/PhysRevLett.119.097202},
	url = {https://link.aps.org/doi/10.1103/PhysRevLett.119.097202}
}

@article{MasahikoPRL2018,
	title = {{Emergent $\mathrm{SU}(4)$ Symmetry in $\ensuremath{\alpha}\text{\ensuremath{-}}{\mathrm{ZrCl}}_{3}$ and Crystalline Spin-Orbital Liquids}},
	author = {Yamada, Masahiko G. and Oshikawa, Masaki and Jackeli, George},
	journal = {Phys. Rev. Lett.},
	volume = {121},
	issue = {9},
	pages = {097201},
	numpages = {6},
	year = {2018},
	month = {Aug},
	publisher = {American Physical Society},
	doi = {10.1103/PhysRevLett.121.097201},
	url = {https://link.aps.org/doi/10.1103/PhysRevLett.121.097201}
}

@article{YasuyukiPRB2017,
	title = {{Chiral spin liquids at finite temperature in a three-dimensional Kitaev model}},
	author = {Kato, Yasuyuki and Kamiya, Yoshitomo and Nasu, Joji and Motome, Yukitoshi},
	journal = {Phys. Rev. B},
	volume = {96},
	issue = {17},
	pages = {174409},
	numpages = {7},
	year = {2017},
	month = {Nov},
	publisher = {American Physical Society},
	doi = {10.1103/PhysRevB.96.174409},
	url = {https://link.aps.org/doi/10.1103/PhysRevB.96.174409}
}

@article{KatoPB2018,
	title = {{Global constraints on Z2 fluxes in two different anisotropic limits of a hypernonagon Kitaev model}},
	author = {Yasuyuki Kato and Yoshitomo Kamiya and Joji Nasu and Yukitoshi Motome},
	journal = {Physica B: Condensed Matter},
	volume = {536},
	pages = {405--407},
	year = {2018},
	issn = {0921-4526},
	url = {http://www.sciencedirect.com/science/article/pii/S0921452617304866}
}

@article{LeePRB2014,
	title = {{Heisenberg-Kitaev model on the hyperhoneycomb lattice}},
	author = {Lee, Eric Kin-Ho and Schaffer, Robert and Bhattacharjee, Subhro and Kim, Yong Baek},
	journal = {Phys. Rev. B},
	volume = {89},
	issue = {4},
	pages = {045117},
	numpages = {13},
	year = {2014},
	month = {Jan},
	publisher = {American Physical Society},
	doi = {10.1103/PhysRevB.89.045117},
	url = {https://link.aps.org/doi/10.1103/PhysRevB.89.045117}
}

@article{KimchiPRB2014,
	title = {{Three-dimensional quantum spin liquids in models of harmonic-honeycomb iridates and phase diagram in an infinite-$D$ approximation}},
	author = {Kimchi, Itamar and Analytis, James G. and Vishwanath, Ashvin},
	journal = {Phys. Rev. B},
	volume = {90},
	issue = {20},
	pages = {205126},
	numpages = {20},
	year = {2014},
	month = {Nov},
	publisher = {American Physical Society},
	doi = {10.1103/PhysRevB.90.205126},
	url = {https://link.aps.org/doi/10.1103/PhysRevB.90.205126}
}

@article{NasuPRB2014,
	title = {{Finite-temp\-erature phase transition to a quantum spin liquid in a three-dimensional Kitaev model on a hyperhoneycomb lattice}},
	author = {Nasu, J. and Kaji, T. and Matsuura, K. and Udagawa, M. and Motome, Y.},
	journal = {Phys. Rev. B},
	volume = {89},
	issue = {11},
	pages = {115125},
	numpages = {13},
	year = {2014},
	month = {Mar},
	publisher = {American Physical Society},
	doi = {10.1103/PhysRevB.89.115125},
	url = {https://link.aps.org/doi/10.1103/PhysRevB.89.115125}
}

@article{RyuPRB2009,
	title = {{Three-dimensional topological phase on the diamond lattice}},
	author = {Ryu, Shinsei},
	journal = {Phys. Rev. B},
	volume = {79},
	issue = {7},
	pages = {075124},
	numpages = {9},
	year = {2009},
	month = {Feb},
	publisher = {American Physical Society},
	doi = {10.1103/PhysRevB.79.075124},
	url = {https://link.aps.org/doi/10.1103/PhysRevB.79.075124}
}

@article{NasuPRL2014,
	title = {{Vaporization of Kitaev Spin Liquids}},
	author = {Nasu, Joji and Udagawa, Masafumi and Motome, Yukitoshi},
	journal = {Phys. Rev. Lett.},
	volume = {113},
	issue = {19},
	pages = {197205},
	numpages = {5},
	year = {2014},
	month = {Nov},
	publisher = {American Physical Society},
	doi = {10.1103/PhysRevLett.113.197205},
	url = {https://link.aps.org/doi/10.1103/PhysRevLett.113.197205}
}

@article{ChenPRB2007,
	title = {{Exact mapping between classical and topological orders in two-dimensional spin systems}},
	author = {Chen, Han-Dong and Hu, Jiangping},
	journal = {Phys. Rev. B},
	volume = {76},
	issue = {19},
	pages = {193101},
	numpages = {4},
	year = {2007},
	month = {Nov},
	publisher = {American Physical Society},
	doi = {10.1103/PhysRevB.76.193101},
	url = {https://link.aps.org/doi/10.1103/PhysRevB.76.193101}
}

@article{ChenJPA2008,
	title = {{Exact results of the Kitaev model on a hexagonal lattice: spin states, string and brane correlators, and anyonic excitations}},
	author = {Han-Dong Chen and Zohar Nussinov},
	url = {https://doi.org/10.1088%2F1751-8113%2F41%2F7%2F075001},
	year = {2008},
	month = {feb},
	publisher = {{IOP} Publishing},
	volume = {41},
	number = {7},
	pages = {075001},
	journal = {Journal of Physics A: Mathematical and Theoretical}
}

@article{WeisseRMP2006,
	title = {{The kernel polynomial method}},
	author = {Wei\ss{}e, Alexander and Wellein, Gerhard and Alvermann, Andreas and Fehske, Holger},
	journal = {Rev. Mod. Phys.},
	volume = {78},
	issue = {1},
	pages = {275--306},
	numpages = {0},
	year = {2006},
	month = {Mar},
	publisher = {American Physical Society},
	doi = {10.1103/RevModPhys.78.275},
	url = {https://link.aps.org/doi/10.1103/RevModPhys.78.275}
}

@article{WeissePRL2009,
	title = {{Green-Function-Based Monte Carlo Method for Classical Fields Coupled to Fermions}},
	author = {Wei\ss{}e, Alexander},
	journal = {Phys. Rev. Lett.},
	volume = {102},
	issue = {15},
	pages = {150604},
	numpages = {4},
	year = {2009},
	month = {Apr},
	publisher = {American Physical Society},
	doi = {10.1103/PhysRevLett.102.150604},
	url = {https://link.aps.org/doi/10.1103/PhysRevLett.102.150604}
}

@article{MischenkoPRB2017,
	title = {{Finite-temperature phase transition to a Kitaev spin liquid phase on a hyperoctagon lattice: A large-scale quantum Monte Carlo study}},
	author = {Mishchenko, Petr A. and Kato, Yasuyuki and Motome, Yukitoshi},
	journal = {Phys. Rev. B},
	volume = {96},
	issue = {12},
	pages = {125124},
	numpages = {6},
	year = {2017},
	month = {Sep},
	publisher = {American Physical Society},
	doi = {10.1103/PhysRevB.96.125124},
	url = {https://link.aps.org/doi/10.1103/PhysRevB.96.125124}
}

@article{ChaloupkaPRL2010,
	title = {{Kitaev-Heisenberg Model on a Honeycomb Lattice: Possible Exotic Phases in Iridium Oxides ${A}_{2}{\mathrm{IrO}}_{3}$}},
	author = {Chaloupka, Ji\v{r}\'{\i} and Jackeli, George and Khaliullin, Giniyat},
	journal = {Phys. Rev. Lett.},
	volume = {105},
	issue = {2},
	pages = {027204},
	numpages = {4},
	year = {2010},
	month = {Jul},
	publisher = {American Physical Society},
	doi = {10.1103/PhysRevLett.105.027204},
	url = {https://link.aps.org/doi/10.1103/PhysRevLett.105.027204}
}

@book{Khomskii2014,
	place = {Cambridge},
	edition = {1},
	title = {{Transition metal compounds}},
	publisher = {Cambridge University Press},
	author = {Khomskii, Daniel I.},
	year = {2014}
}

@article{SchlappPR1932,
	title = {{Influence of Crystalline Fields on the Susceptibilities of Salts of Paramagnetic Ions. II. The Iron Group, Especially Ni, Cr and Co}},
	author = {Schlapp, Robert and Penney, William G.},
	journal = {Phys. Rev.},
	volume = {42},
	issue = {5},
	pages = {666--686},
	numpages = {0},
	year = {1932},
	month = {Dec},
	publisher = {American Physical Society},
	doi = {10.1103/PhysRev.42.666},
	url = {https://link.aps.org/doi/10.1103/PhysRev.42.666}
}

@book{Ballhausen1962,
	title = {{An introduction to ligand field theory}},
	author = {Ballhausen, C.~J.},
	year = {1962},
	publisher = {McGraw Hill},
	place = {New York}
}

@book{Griffith1971,
	title = {{The Theory of Transition-Metal Ions}},
	author = {Griffith, J.~S.},
	year = {1971},
	publisher = {Cambridge University Press},
	place = {Cambridge}
}

@book{Maekawa2004,
	title = {{Physics of Transition Metal Oxides}},
	author = {Maekawa, S. and Tohyama, T. and Barnes, S.~E. and Ishihara, S. and Koshibae, W. and Khaliullin, G.},
	year = {2004},
	publisher = {Springer-Verlag}
}

@article{AbragamPRSL1951,
	title = {{Theory of the nuclear hyperfine structure of paramagnetic resonance spectra in crystals}},
	author = {Abragam, A. and Pryce, M.~H.~L. and Simon, F.~E.},
	journal = {Proc. Roy. Soc. A},
	volume = {205},
	issue = {1080},
	year = {1951},
	url = {https://doi.org/10.1098/rspa.1951.0022}
}

@article{KimPRL2008,
	title = {{Novel ${J}_{\mathrm{eff}}=1/2$ Mott State Induced by Relativistic Spin-Orbit Coupling in ${\mathrm{Sr}}_{2}{\mathrm{IrO}}_{4}$}},
	author = {Kim, B. J. and Jin, Hosub and Moon, S. J. and Kim, J.-Y. and Park, B.-G. and Leem, C. S. and Yu, Jaejun and Noh, T. W. and Kim, C. and Oh, S.-J. and Park, J.-H. and Durairaj, V. and Cao, G. and Rotenberg, E.},
	journal = {Phys. Rev. Lett.},
	volume = {101},
	issue = {7},
	pages = {076402},
	numpages = {4},
	year = {2008},
	month = {Aug},
	publisher = {American Physical Society},
	doi = {10.1103/PhysRevLett.101.076402},
	url = {https://link.aps.org/doi/10.1103/PhysRevLett.101.076402}
}

@article{SchirmerJPC1984,
	doi = {10.1088/0022-3719/17/7/024},
	url = {https://doi.org/10.1088%2F0022-3719%2F17%2F7%2F024},
	year = {1984},
	month = {mar},
	publisher = {{IOP Publishing}},
	volume = {17},
	number = {7},
	pages = {1321--1328},
	author = {O F Schirmer and A Forster and H Hesse and M Wohlecke and S Kapphan},
	title = {{Paramagnetic resonance and near-infrared optical absorption of SrTiO$_3$:Ir$^{4+}$}},
	journal = {Journal of Physics C: Solid State Physics}
}

@article{FangPRB2015,
	title = {{Topological nodal line semimetals with and without spin-orbital coupling}},
	author = {Fang, Chen and Chen, Yige and Kee, Hae-Young and Fu, Liang},
	journal = {Phys. Rev. B},
	volume = {92},
	issue = {8},
	pages = {081201},
	numpages = {5},
	year = {2015},
	month = {Aug},
	publisher = {American Physical Society},
	doi = {10.1103/PhysRevB.92.081201},
	url = {https://link.aps.org/doi/10.1103/PhysRevB.92.081201}
}

@article{GorbarPRB2015a,
	title = {{Dirac semimetals ${A}_{3}\text{Bi}$ $(A=\text{Na},\text{K},\text{Rb})$ as ${\mathbb{Z}}_{2}$ Weyl semimetals}},
	author = {Gorbar, E. V. and Miransky, V. A. and Shovkovy, I. A. and Sukhachov, P. O.},
	journal = {Phys. Rev. B},
	volume = {91},
	issue = {12},
	pages = {121101},
	numpages = {5},
	year = {2015},
	month = {Mar},
	publisher = {American Physical Society},
	doi = {10.1103/PhysRevB.91.121101},
	url = {https://link.aps.org/doi/10.1103/PhysRevB.91.121101}
}

@article{GorbarPRB2015b,
	title = {{Surface Fermi arcs in ${\mathbb{Z}}_{2}$ Weyl semimetals ${A}_{3}\mathrm{Bi}$ ($A=\mathrm{Na}$, K, Rb)}},
	author = {Gorbar, E. V. and Miransky, V. A. and Shovkovy, I. A. and Sukhachov, P. O.},
	journal = {Phys. Rev. B},
	volume = {91},
	issue = {23},
	pages = {235138},
	numpages = {14},
	year = {2015},
	month = {Jun},
	publisher = {American Physical Society},
	doi = {10.1103/PhysRevB.91.235138},
	url = {https://link.aps.org/doi/10.1103/PhysRevB.91.235138}
}

@article {KimSci2009,
	author = {Kim, B. J. and Ohsumi, H. and Komesu, T. and Sakai, S. and Morita, T. and Takagi, H. and Arima, T.},
	title = {{Phase-Sensitive Observation of a Spin-Orbital Mott State in Sr2IrO4}},
	volume = {323},
	number = {5919},
	pages = {1329--1332},
	year = {2009},
	doi = {10.1126/science.1167106},
	publisher = {American Association for the Advancement of Science},
	issn = {0036-8075},
	url = {http://science.sciencemag.org/content/323/5919/1329},
	eprint = {http://science.sciencemag.org/content/323/5919/1329.full.pdf},
	journal = {Science}
}

@article{TrebstPRE2004,
	title = {{Optimizing the ensemble for equilibration in broad-histogram Monte Carlo simulations}},
	author = {Trebst, Simon and Huse, David A. and Troyer, Matthias},
	journal = {Phys. Rev. E},
	volume = {70},
	issue = {4},
	pages = {046701},
	numpages = {5},
	year = {2004},
	month = {Oct},
	publisher = {American Physical Society},
	doi = {10.1103/PhysRevE.70.046701},
	url = {https://link.aps.org/doi/10.1103/PhysRevE.70.046701}
}

@article{TrebstJCP2006,
	author = {Trebst, Simon  and Troyer, Matthias and Hansmann, Ulrich H.~E. },
	title = {{Optimized parallel tempering simulations of proteins}},
	journal = {The Journal of Chemical Physics},
	volume = {124},
	number = {17},
	pages = {174903},
	year = {2006},
	doi = {10.1063/1.2186639},
	url = {https://doi.org/10.1063/1.2186639},
	eprint = {https://doi.org/10.1063/1.2186639}	
}

@article{KatzgraberJSM2006,
	doi = {10.1088/1742-5468/2006/03/p03018},
	url = {https://doi.org/10.1088%2F1742-5468%2F2006%2F03%2Fp03018},
	year = {2006},
	month = {mar},
	publisher = {{IOP} Publishing},
	volume = {2006},
	number = {03},
	pages = {P03018--P03018},
	author = {Helmut G. Katzgraber and Simon Trebst and David A. Huse and Matthias Troyer},
	title = {{Feedback-opti\-mized parallel tempering Monte Carlo}},
	journal = {Journal of Statistical Mechanics: Theory and Experiment}
}

@article{AndersonScience393,
	author = {Anderson, P. W.},
	title = {{More Is Different}},
	volume = {177},
	number = {4047},
	pages = {393--396},
	year = {1972},
	doi = {10.1126/science.177.4047.393},
	publisher = {American Association for the Advancement of Science},
	issn = {0036-8075},
	url = {http://science.sciencemag.org/content/177/4047/393},
	eprint = {http://science.sciencemag.org/content/177/4047/393.full.pdf},
	journal = {Science}
}

@article{dePicciottoNature1997,
	author = {de-Picciotto, R. and Reznikov, M. and Heiblum, M. and Umansky, V. and Bunin, G. and Mahalu, D.},
	title = {{Direct observation of a fractional charge}},
	journal = {Nature},
	year = {1997},
	volume = {389},
	pages = {162-164},
	url = {https://doi.org/10.1038/38241}
}

@article{NayakRMP2008,
	title = {{Non-Abelian anyons and topological quantum computation}},
	author = {Nayak, Chetan and Simon, Steven H. and Stern, Ady and Freedman, Michael and Das Sarma, Sankar},
	journal = {Rev. Mod. Phys.},
	volume = {80},
	issue = {3},
	pages = {1083--1159},
	numpages = {0},
	year = {2008},
	month = {Sep},
	publisher = {American Physical Society},
	doi = {10.1103/RevModPhys.80.1083},
	url = {https://link.aps.org/doi/10.1103/RevModPhys.80.1083}
}

@article{QiRMP2011,
	title = {{Topological insulators and superconductors}},
	author = {Qi, Xiao-Liang and Zhang, Shou-Cheng},
	journal = {Rev. Mod. Phys.},
	volume = {83},
	issue = {4},
	pages = {1057--1110},
	numpages = {0},
	year = {2011},
	month = {Oct},
	publisher = {American Physical Society},
	doi = {10.1103/RevModPhys.83.1057},
	url = {https://link.aps.org/doi/10.1103/RevModPhys.83.1057}
}

@article{FakPRL2012,
	title = {{Kapellasite: A Kagome Quantum Spin Liquid with Competing Interactions}},
	author = {F\aa{}k, B. and Kermarrec, E. and Messio, L. and Bernu, B. and Lhuillier, C. and Bert, F. and Mendels, P. and Koteswararao, B. and Bouquet, F. and Ollivier, J. and Hillier, A. D. and Amato, A. and Colman, R. H. and Wills, A. S.},
	journal = {Phys. Rev. Lett.},
	volume = {109},
	issue = {3},
	pages = {037208},
	numpages = {5},
	year = {2012},
	month = {Jul},
	publisher = {American Physical Society},
	doi = {10.1103/PhysRevLett.109.037208},
	url = {https://link.aps.org/doi/10.1103/PhysRevLett.109.037208}
}

@article{OkamotoPRL2007,
	title = {{Spin-Liquid State in the $S=1/2$ Hyperkagome Antiferromagnet ${\mathrm{Na}}_{4}{\mathrm{Ir}}_{3}{\mathrm{O}}_{8}$}},
	author = {Okamoto, Yoshihiko and Nohara, Minoru and Aruga-Katori, Hiroko and Takagi, Hidenori},
	journal = {Phys. Rev. Lett.},
	volume = {99},
	issue = {13},
	pages = {137207},
	numpages = {4},
	year = {2007},
	month = {Sep},
	publisher = {American Physical Society},
	doi = {10.1103/PhysRevLett.99.137207},
	url = {https://link.aps.org/doi/10.1103/PhysRevLett.99.137207}
}

@article{YamashitaNature2011,
	author = {Yamashita, Satoshi and Yamamoto, Takashi and Nakazawa, Yasuhiro and Tamura, Masafumi and Kato, Reizo},
	title = {{Gapless spin liquid of an organic triangular compound evidenced by thermodynamic measurements}},
	journal = {Nature Communications},
	year = {2011},
	volume = {2},
	pages = {275},
	url = {https://doi.org/10.1038/ncomms1274}
}

@article{ShimizuPRL2003,
	title = {{Spin Liquid State in an Organic Mott Insulator with a Triangular Lattice}},
	author = {Shimizu, Y. and Miyagawa, K. and Kanoda, K. and Maesato, M. and Saito, G.},
	journal = {Phys. Rev. Lett.},
	volume = {91},
	issue = {10},
	pages = {107001},
	numpages = {4},
	year = {2003},
	month = {Sep},
	publisher = {American Physical Society},
	doi = {10.1103/PhysRevLett.91.107001},
	url = {https://link.aps.org/doi/10.1103/PhysRevLett.91.107001}
}

@article{ItouPRB2008,
	title = {{Quantum spin liquid in the spin-$1/2$ triangular antiferromagnet $\mathrm{Et}{\mathrm{Me}}_{3}\mathrm{Sb}{[\mathrm{Pd}({\rm dmit})_{2}]}_{2}$}},
	author = {Itou, T. and Oyamada, A. and Maegawa, S. and Tamura, M. and Kato, R.},
	journal = {Phys. Rev. B},
	volume = {77},
	issue = {10},
	pages = {104413},
	numpages = {5},
	year = {2008},
	month = {Mar},
	publisher = {American Physical Society},
	doi = {10.1103/PhysRevB.77.104413},
	url = {https://link.aps.org/doi/10.1103/PhysRevB.77.104413}
}

@article {YamashitaScience2011,
	author = {Yamashita, Minoru and Nakata, Norihito and Senshu, Yoshinori and Nagata, Masaki and Yamamoto, Hiroshi M. and Kato, Reizo and Shibauchi, Takasada and Matsuda, Yuji},
	title = {{Highly Mobile Gapless Excitations in a Two-Dimensional Candidate Quantum Spin Liquid}},
	volume = {328},
	number = {5983},
	pages = {1246--1248},
	year = {2010},
	doi = {10.1126/science.1188200},
	publisher = {American Association for the Advancement of Science},
	issn = {0036-8075},
	url = {http://science.sciencemag.org/content/328/5983/1246},
	eprint = {http://science.sciencemag.org/content/328/5983/1246.full.pdf},
	journal = {Science}
}

@article{ZhouPRL2011,
	title = {{Spin Liquid State in the $S=1/2$ Triangular Lattice ${\mathrm{Ba}}_{3}{\mathrm{CuSb}}_{2}{\mathrm{O}}_{9}$}},
	author = {Zhou, H. D. and Choi, E. S. and Li, G. and Balicas, L. and Wiebe, C. R. and Qiu, Y. and Copley, J. R. D. and Gardner, J. S.},
	journal = {Phys. Rev. Lett.},
	volume = {106},
	issue = {14},
	pages = {147204},
	numpages = {4},
	year = {2011},
	month = {Apr},
	publisher = {American Physical Society},
	doi = {10.1103/PhysRevLett.106.147204},
	url = {https://link.aps.org/doi/10.1103/PhysRevLett.106.147204}
}

@article{OlariuPRL2008,
	title = {{$^{17}\mathrm{O}$ NMR Study of the Intrinsic Magnetic Susceptibility and Spin Dynamics of the Quantum Kagome Antiferromagnet ${\mathrm{ZnCu}}_{3}(\mathrm{OH}{)}_{6}{\mathrm{Cl}}_{2}$}},
	author = {{A. Olariu, P. Mendels, F. Bert, F. Duc, J. C. Trombe, M. A.\linebreak de Vries, and A. Harrison}},
	journal = {Phys. Rev. Lett.},
	volume = {100},
	issue = {8},
	pages = {087202},
	numpages = {4},
	year = {2008},
	month = {Feb},
	publisher = {American Physical Society},
	doi = {10.1103/PhysRevLett.100.087202},
	url = {https://link.aps.org/doi/10.1103/PhysRevLett.100.087202}
}

@article{MendelsPRL2007,
	title = {{Quantum Magnetism in the Paratacamite Family: Towards an Ideal Kagom\'e Lattice}},
	author = {Mendels, P. and Bert, F. and de Vries, M. A. and Olariu, A. and Harrison, A. and Duc, F. and Trombe, J. C. and Lord, J. S. and Amato, A. and Baines, C.},
	journal = {Phys. Rev. Lett.},
	volume = {98},
	issue = {7},
	pages = {077204},
	numpages = {4},
	year = {2007},
	month = {Feb},
	publisher = {American Physical Society},
	doi = {10.1103/PhysRevLett.98.077204},
	url = {https://link.aps.org/doi/10.1103/PhysRevLett.98.077204}
}

@article{HeltonPRL2010,
	title = {{Dynamic Scaling in the Susceptibility of the Spin-$\frac{1}{2}$ Kagome Lattice Antiferromagnet Herbertsmithite}},
	author = {Helton, J. S. and Matan, K. and Shores, M. P. and Nytko, E. A. and Bartlett, B. M. and Qiu, Y. and Nocera, D. G. and Lee, Y. S.},
	journal = {Phys. Rev. Lett.},
	volume = {104},
	issue = {14},
	pages = {147201},
	numpages = {4},
	year = {2010},
	month = {Apr},
	publisher = {American Physical Society},
	doi = {10.1103/PhysRevLett.104.147201},
	url = {https://link.aps.org/doi/10.1103/PhysRevLett.104.147201}
}

@article{deVriesPRL2009,
	title = {{Scale-Free Antiferromagnetic Fluctuations in the $s=1/2$ Kagome Antiferromagnet Herbertsmithite}},
	author = {de Vries, M. A. and Stewart, J. R. and Deen, P. P. and Piatek, J. O. and Nilsen, G. J. and R\o{}nnow, H. M. and Harrison, A.},
	journal = {Phys. Rev. Lett.},
	volume = {103},
	issue = {23},
	pages = {237201},
	numpages = {4},
	year = {2009},
	month = {Dec},
	publisher = {American Physical Society},
	doi = {10.1103/PhysRevLett.103.237201},
	url = {https://link.aps.org/doi/10.1103/PhysRevLett.103.237201}
}

@article{BertPRB2007,
	title = {{Low temperature magnetization of the $S=\frac{1}{2}$ kagome antiferromagnet $\mathrm{Zn}{\mathrm{Cu}}_{3}{(\mathrm{O}\mathrm{H})}_{6}{\mathrm{Cl}}_{2}$}},
	author = {Bert, F. and Nakamae, S. and Ladieu, F. and L'H\^ote, D. and Bonville, P. and Duc, F. and Trombe, J.-C. and Mendels, P.},
	journal = {Phys. Rev. B},
	volume = {76},
	issue = {13},
	pages = {132411},
	numpages = {4},
	year = {2007},
	month = {Oct},
	publisher = {American Physical Society},
	doi = {10.1103/PhysRevB.76.132411},
	url = {https://link.aps.org/doi/10.1103/PhysRevB.76.132411}
}

@article{HeltonPRL2007,
	title = {{Spin Dynamics of the Spin-$1/2$ Kagome Lattice Antiferromagnet ${\mathrm{ZnCu}}_{3}(\mathrm{OH}{)}_{6}{\mathrm{Cl}}_{2}$}},
	author = {{J. S. Helton, K. Matan, M. P. Shores, E. A. Nytko, B. M. Bartlett,\linebreak Y. Yoshida,
	Y. Takano, A. Suslov, Y. Qiu, J.-H. Chung, D. G. Nocera, and Y. S. Lee}},
	journal = {Phys. Rev. Lett.},
	volume = {98},
	issue = {10},
	pages = {107204},
	numpages = {4},
	year = {2007},
	month = {Mar},
	publisher = {American Physical Society},
	doi = {10.1103/PhysRevLett.98.107204},
	url = {https://link.aps.org/doi/10.1103/PhysRevLett.98.107204}
}

@article{SavaryRPP2016,
	doi = {10.1088/0034-4885/80/1/016502},
	url = {https://doi.org/10.1088%2F0034-4885%2F80%2F1%2F016502},
	year = {2016},
	month = {nov},
	publisher = {{IOP} Publishing},
	volume = {80},
	number = {1},
	pages = {016502},
	author = {Lucile Savary and Leon Balents},
	title = {{Quantum spin liquids: a review}},
	journal = {Reports on Progress in Physics}
}

@article{LaughlinIJM1991,
	author = {Laughlin, R. B.},
	title = {{Current Status of Semionic Pairing Theory of High-Tc Superconductors}},
	journal = {International Journal of Modern Physics B},
	volume = {05},
	number = {10},
	pages = {15071519},
	year = {1991},
	doi = {10.1142/S0217979291001437},
	url = {https://doi.org/10.1142/S0217979291001437},
	eprint = {https://doi.org/10.1142/S0217979291001437}
}

@article{LeinaasNCSIF1977,
	author = {Leinaas, J.~M., and Myrheim, J.},
	title = {{On the theory of identical particles}},
	journal = {Nuovo Cimento Soc. Ital. Fis., B},
	volume = {37B},
	pages = {1},
	year = {1977}
}

@article{WilczekPRL1982,
	title = {Magnetic Flux, Angular Momentum, and Statistics},
	author = {Wilczek, Frank},
	journal = {Phys. Rev. Lett.},
	volume = {48},
	issue = {17},
	pages = {1144--1146},
	numpages = {0},
	year = {1982},
	month = {Apr},
	publisher = {American Physical Society},
	doi = {10.1103/PhysRevLett.48.1144},
	url = {https://link.aps.org/doi/10.1103/PhysRevLett.48.1144}
}

@article{GoldinJMP1981,
	author = {Goldin, G.~A. and Menikoff,R. and Sharp, D.~H.},
	title = {{Representations of a local current algebra in nonsimply connected space and the Aharonov-Bohm effect}},
	journal = {Journal of Mathematical Physics},
	volume = {22},
	number = {8},
	pages = {1664-1668},
	year = {1981},
	doi = {10.1063/1.525110},
	url = {https://doi.org/10.1063/1.525110},
	eprint = {https://doi.org/10.1063/1.525110}	
}

@article{WuPRL1984,
	title = {{General Theory for Quantum Statistics in Two Dimensions}},
	author = {Wu, Yong-Shi},
	journal = {Phys. Rev. Lett.},
	volume = {52},
	issue = {24},
	pages = {2103--2106},
	numpages = {0},
	year = {1984},
	month = {Jun},
	publisher = {American Physical Society},
	doi = {10.1103/PhysRevLett.52.2103},
	url = {https://link.aps.org/doi/10.1103/PhysRevLett.52.2103}
}

@article{MoorePLB1988,
	title = {{Polynomial equations for rational conformal field theories}},
	journal = {Physics Letters B},
	volume = {212},
	number = {4},
	pages = {451--460},
	year = {1988},
	issn = {0370-2693},
	doi = {https://doi.org/10.1016/0370-2693(88)91796-0},
	url = {http://www.sciencedirect.com/science/article/pii/0370269388917960},
	author = {Gregory Moore and Nathan Seiberg}
}

@Article{Witten1989,
	author = {Witten, Edward},
	title = {{Quantum field theory and the Jones polynomial}},
	journal = {Communications in Mathematical Physics},
	year = {1989},
	month = {Sep},
	day = {01},
	volume = {121},
	number = {3},
	pages = {351--399},
	issn = {1432-0916},
	doi = {10.1007/BF01217730},
	url = {https://doi.org/10.1007/BF01217730}
}

@article{MoessnerPRL2001,
	title = {{Resonating Valence Bond Phase in the Triangular Lattice Quantum Dimer Model}},
	author = {Moessner, R. and Sondhi, S. L.},
	journal = {Phys. Rev. Lett.},
	volume = {86},
	issue = {9},
	pages = {1881--1884},
	numpages = {0},
	year = {2001},
	month = {Feb},
	publisher = {American Physical Society},
	doi = {10.1103/PhysRevLett.86.1881},
	url = {https://link.aps.org/doi/10.1103/PhysRevLett.86.1881}
}

@article{LevinRMP2005,
	title = {{Colloquium: Photons and electrons as emergent phenomena}},
	author = {Levin, Michael and Wen, Xiao-Gang},
	journal = {Rev. Mod. Phys.},
	volume = {77},
	issue = {3},
	pages = {871--879},
	numpages = {0},
	year = {2005},
	month = {Sep},
	publisher = {American Physical Society},
	doi = {10.1103/RevModPhys.77.871},
	url = {https://link.aps.org/doi/10.1103/RevModPhys.77.871}
}

@article{LevinPRB2005,
	title = {{String-net condensation: A physical mechanism for topological phases}},
	author = {Levin, Michael A. and Wen, Xiao-Gang},
	journal = {Phys. Rev. B},
	volume = {71},
	issue = {4},
	pages = {045110},
	numpages = {21},
	year = {2005},
	month = {Jan},
	publisher = {American Physical Society},
	doi = {10.1103/PhysRevB.71.045110},
	url = {https://link.aps.org/doi/10.1103/PhysRevB.71.045110}
}

@article{AndersonMRB1973,
	title = {{Resonating valence bonds: A new kind of insulator?}},
	journal = {Materials Research Bulletin},
	volume = {8},
	number = {2},
	pages = {153--160},
	year = {1973},
	issn = {0025-5408},
	doi = {https://doi.org/10.1016/0025-5408(73)90167-0},
	url = {http://www.sciencedirect.com/science/article/pii/0025540873901670},
	author = {P.~W. Anderson}
}

@article{AndersonScience1987,
	author = {Anderson, P.~W.},
	title = {{The Resonating Valence Bond State in La2CuO4 and Superconductivity}},
	volume = {235},
	number = {4793},
	pages = {1196--1198},
	year = {1987},
	doi = {10.1126/science.235.4793.1196},
	publisher = {American Association for the Advancement of Science},
	issn = {0036-8075},
	URL = {http://science.sciencemag.org/content/235/4793/1196},
	eprint = {http://science.sciencemag.org/content/235/4793/1196.full.pdf},
	journal = {Science}
}

@article{SinghPRB2010,
	title = {{Antiferromagnetic Mott insulating state in single crystals of the honeycomb lattice material ${\text{Na}}_{2}{\text{IrO}}_{3}$}},
	author = {Singh, Yogesh and Gegenwart, P.},
	journal = {Phys. Rev. B},
	volume = {82},
	issue = {6},
	pages = {064412},
	numpages = {7},
	year = {2010},
	month = {Aug},
	publisher = {American Physical Society},
	doi = {10.1103/PhysRevB.82.064412},
	url = {https://link.aps.org/doi/10.1103/PhysRevB.82.064412}
}

@article{KobayashiJMC2003,
	author = {{H. Kobayashi, M. Tabuchi, M. Shikano, H. Kageyama, and R.\linebreak Kanno}},
	title = {{Structure, and magnetic and electrochemical properties of layered oxides, ${\mathrm{Li}}_{2}{\mathrm{IrO}}_{3}$}},
	journal = {J. Mater. Chem.},
	year = {2003},
	volume = {13},
	issue = {4},
	pages = {957--962},
	publisher = {The Royal Society of Chemistry},
	doi = {10.1039/B207282C},
	url = {http://dx.doi.org/10.1039/B207282C}
}

@article{LeePRB2015,
	title = {{Theory of magnetic phase diagrams in hyperhoneycomb and harmonic-honeycomb iridates}},
	author = {Lee, Eric Kin-Ho and Kim, Yong Baek},
	journal = {Phys. Rev. B},
	volume = {91},
	issue = {6},
	pages = {064407},
	numpages = {15},
	year = {2015},
	month = {Feb},
	publisher = {American Physical Society},
	doi = {10.1103/PhysRevB.91.064407},
	url = {https://link.aps.org/doi/10.1103/PhysRevB.91.064407}
}

@article{KimEPL2015,
	doi = {10.1209/0295-5075/112/67004},
	url = {https://doi.org/10.1209%2F0295-5075%2F112%2F67004},
	year = {2015},
	month = {dec},
	publisher = {{IOP} Publishing},
	volume = {112},
	number = {6},
	pages = {67004},
	author = {Heung-Sik Kim and Eric Kin-Ho Lee and Yong Baek Kim},
	title = {{Predominance of the Kitaev interaction in a three-dimensional honeycomb iridate: From ab initio to spin model}},
	journal = {{EPL} (Europhysics Letters)}
}

@article{LeePRB2016,
	title = {{Two iridates, two models, and two approaches: A comparative study on magnetism in three-dimensional honeycomb materials}},
	author = {Lee, Eric Kin-Ho and Rau, Jeffrey G. and Kim, Yong Baek},
	journal = {Phys. Rev. B},
	volume = {93},
	issue = {18},
	pages = {184420},
	numpages = {10},
	year = {2016},
	month = {May},
	publisher = {American Physical Society},
	doi = {10.1103/PhysRevB.93.184420},
	url = {https://link.aps.org/doi/10.1103/PhysRevB.93.184420}
}

@article{KatukuriSP2016,
	author = {Katukuri, Vamshi M. and Yadav, Ravi and Hozoi, Liviu and Nishimoto, Satoshi and {van den Brink}, Jeroen},
	day = {12},
	journal = {Scientific Reports},
	month = {07},
	pages = {29585},
	publisher = {The Author(s) SN  -},
	title = {{The vicinity of hyper-honeycomb $\beta$-Li$_2$IrO$_3$ to a three-dimensional Kitaev spin liquid state}},
	url = {https://doi.org/10.1038/srep29585},
	volume = {6},
	year = {2016}
}

@article{BiffinPRL2014,
	title = {{Noncoplanar and Counterrotating Incommensurate Magnetic Order Stabilized by Kitaev Interactions in $\ensuremath{\gamma}\text{\ensuremath{-}}{\mathrm{Li}}_{2}{\mathrm{IrO}}_{3}$}},
	author = {Biffin, A. and Johnson, R. D. and Kimchi, I. and Morris, R. and Bombardi, A. and Analytis, J. G. and Vishwanath, A. and Coldea, R.},
	journal = {Phys. Rev. Lett.},
	volume = {113},
	issue = {19},
	pages = {197201},
	numpages = {5},
	year = {2014},
	month = {Nov},
	publisher = {American Physical Society},
	doi = {10.1103/PhysRevLett.113.197201},
	url = {https://link.aps.org/doi/10.1103/PhysRevLett.113.197201}
}

@article{ImaiPRL2008,
	title = {{$^{63}\mathrm{Cu}$, $^{35}\mathrm{Cl}$, and $^{1}\mathrm{H}$ NMR in the $S=\frac{1}{2}$ Kagome Lattice ${\mathrm{ZnCu}}_{3}(\mathrm{OH}{)}_{6}{\mathrm{Cl}}_{2}$}},
	author = {Imai, T. and Nytko, E. A. and Bartlett, B. M. and Shores, M. P. and Nocera, D. G.},
	journal = {Phys. Rev. Lett.},
	volume = {100},
	issue = {7},
	pages = {077203},
	numpages = {4},
	year = {2008},
	month = {Feb},
	publisher = {American Physical Society},
	doi = {10.1103/PhysRevLett.100.077203},
	url = {https://link.aps.org/doi/10.1103/PhysRevLett.100.077203}
}

@article{LawlerPRL2008,
	title = {{Gapless Spin Liquids on the Three-Dimensional Hyperkagome Lattice of ${\mathrm{Na}}_{4}{\mathrm{Ir}}_{3}{\mathrm{O}}_{8}$}},
	author = {Lawler, Michael J. and Paramekanti, Arun and Kim, Yong Baek and Balents, Leon},
	journal = {Phys. Rev. Lett.},
	volume = {101},
	issue = {19},
	pages = {197202},
	numpages = {4},
	year = {2008},
	month = {Nov},
	publisher = {American Physical Society},
	doi = {10.1103/PhysRevLett.101.197202},
	url = {https://link.aps.org/doi/10.1103/PhysRevLett.101.197202}
}

@article{ZhouPRL2008,
	title = {{${\mathrm{Na}}_{4}{\mathrm{Ir}}_{3}{\mathrm{O}}_{8}$ as a 3D Spin Liquid with Fermionic Spinons}},
	author = {Zhou, Yi and Lee, Patrick A. and Ng, Tai-Kai and Zhang, Fu-Chun},
	journal = {Phys. Rev. Lett.},
	volume = {101},
	issue = {19},
	pages = {197201},
	numpages = {4},
	year = {2008},
	month = {Nov},
	publisher = {American Physical Society},
	doi = {10.1103/PhysRevLett.101.197201},
	url = {https://link.aps.org/doi/10.1103/PhysRevLett.101.197201}
}

@article{PerreaultPRB2016a,
	title = {{Raman scattering in correlated thin films as a probe of chargeless surface states}},
	author = {Perreault, Brent and Knolle, Johannes and Perkins, Natalia B. and Burnell, F. J.},
	journal = {Phys. Rev. B},
	volume = {94},
	issue = {6},
	pages = {060408},
	numpages = {6},
	year = {2016},
	month = {Aug},
	publisher = {American Physical Society},
	doi = {10.1103/PhysRevB.94.060408},
	url = {https://link.aps.org/doi/10.1103/PhysRevB.94.060408}
}

@article{PerreaultPRB2016b,
	title = {{Resonant Raman scattering theory for Kitaev models and their Majorana fermion boundary modes}},
	author = {Perreault, Brent and Knolle, Johannes and Perkins, Natalia B. and Burnell, F. J.},
	journal = {Phys. Rev. B},
	volume = {94},
	issue = {10},
	pages = {104427},
	numpages = {23},
	year = {2016},
	month = {Sep},
	publisher = {American Physical Society},
	doi = {10.1103/PhysRevB.94.104427},
	url = {https://link.aps.org/doi/10.1103/PhysRevB.94.104427}
}

@article{WillansPRL2010,
	title = {{Disorder in a Quantum Spin Liquid: Flux Binding and Local Moment Formation}},
	author = {Willans, A. J. and Chalker, J. T. and Moessner, R.},
	journal = {Phys. Rev. Lett.},
	volume = {104},
	issue = {23},
	pages = {237203},
	numpages = {4},
	year = {2010},
	month = {Jun},
	publisher = {American Physical Society},
	doi = {10.1103/PhysRevLett.104.237203},
	url = {https://link.aps.org/doi/10.1103/PhysRevLett.104.237203}
}

@article{WillansPRB2011,
	title = {{Site dilution in the Kitaev honeycomb model}},
	author = {Willans, A. J. and Chalker, J. T. and Moessner, R.},
	journal = {Phys. Rev. B},
	volume = {84},
	issue = {11},
	pages = {115146},
	numpages = {16},
	year = {2011},
	month = {Sep},
	publisher = {American Physical Society},
	doi = {10.1103/PhysRevB.84.115146},
	url = {https://link.aps.org/doi/10.1103/PhysRevB.84.115146}
}

@article{SanthoshPRB2012,
	title = {{Localized zero-energy modes in the Kitaev model with vacancy disorder}},
	author = {G., Santhosh and Sreenath, V. and Lakshminarayan, Arul and Narayanan, Rajesh},
	journal = {Phys. Rev. B},
	volume = {85},
	issue = {5},
	pages = {054204},
	numpages = {8},
	year = {2012},
	month = {Feb},
	publisher = {American Physical Society},
	doi = {10.1103/PhysRevB.85.054204},
	url = {https://link.aps.org/doi/10.1103/PhysRevB.85.054204}
}

@article{SreejithPRB2016,
	title = {{Vacancies in Kitaev quantum spin liquids on the three-dimensional hyperhoneycomb lattice}},
	author = {Sreejith, G. J. and Bhattacharjee, Subhro and Moessner, R.},
	journal = {Phys. Rev. B},
	volume = {93},
	issue = {6},
	pages = {064433},
	numpages = {24},
	year = {2016},
	month = {Feb},
	publisher = {American Physical Society},
	doi = {10.1103/PhysRevB.93.064433},
	url = {https://link.aps.org/doi/10.1103/PhysRevB.93.064433}
}

@article{HalaszPRB2014,
	title = {{Doping a topological quantum spin liquid: Slow holes in the Kitaev honeycomb model}},
	author = {Hal\'asz, G\'abor B. and Chalker, J. T. and Moessner, R.},
	journal = {Phys. Rev. B},
	volume = {90},
	issue = {3},
	pages = {035145},
	numpages = {27},
	year = {2014},
	month = {Jul},
	publisher = {American Physical Society},
	doi = {10.1103/PhysRevB.90.035145},
	url = {https://link.aps.org/doi/10.1103/PhysRevB.90.035145}
}

@article{SyzranovPRB2015,
	title = {{Unconventional localization transition in high dimensions}},
	author = {Syzranov, S. V. and Gurarie, V. and Radzihovsky, L.},
	journal = {Phys. Rev. B},
	volume = {91},
	issue = {3},
	pages = {035133},
	numpages = {15},
	year = {2015},
	month = {Jan},
	publisher = {American Physical Society},
	doi = {10.1103/PhysRevB.91.035133},
	url = {https://link.aps.org/doi/10.1103/PhysRevB.91.035133}
}

@article{NandkishorePRB2014,
	title = {{Rare region effects dominate weakly disordered three-dimensional Dirac points}},
	author = {Nandkishore, Rahul and Huse, David A. and Sondhi, S. L.},
	journal = {Phys. Rev. B},
	volume = {89},
	issue = {24},
	pages = {245110},
	numpages = {12},
	year = {2014},
	month = {Jun},
	publisher = {American Physical Society},
	doi = {10.1103/PhysRevB.89.245110},
	url = {https://link.aps.org/doi/10.1103/PhysRevB.89.245110}
}

@article{PixleyPRX2016,
	title = {{Rare-Region-Induced Avoid\-ed Quantum Criticality in Disordered Three-Dimensional Dirac and Weyl Semi\-metals}},
	author = {Pixley, J. H. and Huse, David A. and Das Sarma, S.},
	journal = {Phys. Rev. X},
	volume = {6},
	issue = {2},
	pages = {021042},
	numpages = {20},
	year = {2016},
	month = {Jun},
	publisher = {American Physical Society},
	doi = {10.1103/PhysRevX.6.021042},
	url = {https://link.aps.org/doi/10.1103/PhysRevX.6.021042}
}

@article{LouvetPRB2017,
	title = {{New quantum transition in Weyl semimetals with correlated disorder}},
	author = {Louvet, T. and Carpentier, D. and Fedorenko, A. A.},
	journal = {Phys. Rev. B},
	volume = {95},
	issue = {1},
	pages = {014204},
	numpages = {6},
	year = {2017},
	month = {Jan},
	publisher = {American Physical Society},
	doi = {10.1103/PhysRevB.95.014204},
	url = {https://link.aps.org/doi/10.1103/PhysRevB.95.014204}
}

@article{PixleyPRB2017,
	title = {{Single-particle excitations in disordered Weyl fluids}},
	author = {Pixley, J. H. and Chou, Yang-Zhi and Goswami, Pallab and Huse, David A. and Nandkishore, Rahul and Radzihovsky, Leo and Das Sarma, S.},
	journal = {Phys. Rev. B},
	volume = {95},
	issue = {23},
	pages = {235101},
	numpages = {10},
	year = {2017},
	month = {Jun},
	publisher = {American Physical Society},
	doi = {10.1103/PhysRevB.95.235101},
	url = {https://link.aps.org/doi/10.1103/PhysRevB.95.235101}
}

@article{PixleyPRL2015,
	title = {{Anderson Localization and the Quantum Phase Diagram of Three Dimensional Disordered Dirac Semimetals}},
	author = {Pixley, J. H. and Goswami, Pallab and Das Sarma, S.},
	journal = {Phys. Rev. Lett.},
	volume = {115},
	issue = {7},
	pages = {076601},
	numpages = {5},
	year = {2015},
	month = {Aug},
	publisher = {American Physical Society},
	doi = {10.1103/PhysRevLett.115.076601},
	url = {https://link.aps.org/doi/10.1103/PhysRevLett.115.076601}
}

@article{FukuiJPS2005,
	author = {Fukui ,Takahiro and Hatsugai ,Yasuhiro and Suzuki ,Hiroshi},
	title = {{Chern Numbers in Discretized Brillouin Zone: Efficient Method of Computing (Spin) Hall Conductances}},
	journal = {Journal of the Physical Society of Japan},
	volume = {74},
	number = {6},
	pages = {1674-1677},
	year = {2005},
	doi = {10.1143/JPSJ.74.1674},
	url = {https://doi.org/10.1143/JPSJ.74.1674},
	eprint = {https://doi.org/10.1143/JPSJ.74.1674}	
}

@article{BurkovPRB2011,
	title = {{Topological nodal semimetals}},
	author = {Burkov, A. A. and Hook, M. D. and Balents, Leon},
	journal = {Phys. Rev. B},
	volume = {84},
	issue = {23},
	pages = {235126},
	numpages = {14},
	year = {2011},
	month = {Dec},
	publisher = {American Physical Society},
	doi = {10.1103/PhysRevB.84.235126},
	url = {https://link.aps.org/doi/10.1103/PhysRevB.84.235126}
}

@article{KimPRL2015,
	title = {{Dirac Line Nodes in Inversion-Symmetric Crystals}},
	author = {Kim, Youngkuk and Wieder, Benjamin J. and Kane, C. L. and Rappe, Andrew M.},
	journal = {Phys. Rev. Lett.},
	volume = {115},
	issue = {3},
	pages = {036806},
	numpages = {5},
	year = {2015},
	month = {Jul},
	publisher = {American Physical Society},
	doi = {10.1103/PhysRevLett.115.036806},
	url = {https://link.aps.org/doi/10.1103/PhysRevLett.115.036806}
}

@article{ChenNatComm2015,
	author = {Chen, Yige and Lu, Yuan-Ming and Kee, Hae-Young},
	journal = {Nature Communications},
	pages = {6593},
	publisher = {Nature Publishing Group, a division of Macmillan Publishers Limited. All Rights Reserved. SN  -},
	title = {{Topological crystalline metal in orthorhombic perovskite iridates}},
	url = {https://doi.org/10.1038/ncomms7593},
	volume = {6},
	year = {2015}
}

@article{MullenPRL2015,
	title = {{Line of Dirac Nodes in Hyperhoneycomb Lattices}},
	author = {Mullen, Kieran and Uchoa, Bruno and Glatzhofer, Daniel T.},
	journal = {Phys. Rev. Lett.},
	volume = {115},
	issue = {2},
	pages = {026403},
	numpages = {5},
	year = {2015},
	month = {Jul},
	publisher = {American Physical Society},
	doi = {10.1103/PhysRevLett.115.026403},
	url = {https://link.aps.org/doi/10.1103/PhysRevLett.115.026403}
}

@article{SelaPRB2014,
	title = {{Order-by-disorder and spin-orbital liquids in a distorted Heisenberg-Kitaev model}},
	author = {Sela, Eran and Jiang, Hong-Chen and Gerlach, Max H. and Trebst, Simon},
	journal = {Phys. Rev. B},
	volume = {90},
	issue = {3},
	pages = {035113},
	numpages = {20},
	year = {2014},
	month = {Jul},
	publisher = {American Physical Society},
	doi = {10.1103/PhysRevB.90.035113},
	url = {https://link.aps.org/doi/10.1103/PhysRevB.90.035113}
}

@article{ChandraPRE2010,
	title = {{Classical Heisenberg spins on a hexagonal lattice with Kitaev couplings}},
	author = {Chandra, Samarth and Ramola, Kabir and Dhar, Deepak},
	journal = {Phys. Rev. E},
	volume = {82},
	issue = {3},
	pages = {031113},
	numpages = {11},
	year = {2010},
	month = {Sep},
	publisher = {American Physical Society},
	doi = {10.1103/PhysRevE.82.031113},
	url = {https://link.aps.org/doi/10.1103/PhysRevE.82.031113}
}

@article{HenleyARCMP2010,
	author = {Henley, Christopher L.},
	title = {{The "Coulomb Phase" in Frustrated Systems}},
	journal = {Annual Review of Condensed Matter Physics},
	volume = {1},
	number = {1},
	pages = {179-210},
	year = {2010},
	doi = {10.1146/annurev-conmatphys-070909-104138},
	url = {https://doi.org/10.1146/annurev-conmatphys-070909-104138}
}

@book{Lighthill1958,
	title = {{An Introduction to Fourier Analysis and Generalised Functions}},
	author = {Lighthill, M.~J.},
	publisher = {Cambridge University Press},
	year = {1958},
	place = {Cambridge}
}

@article{LahtinenAoP2008,
	author = {Lahtinen, Ville and Kells, Graham and Carollo, Angelo and Stitt, Tim and Vala, Jiri and Pachos, Jiannis K.},
	doi = {https://doi.org/10.1016/j.aop.2007.12.009},
	journal = {Annals of Physics},
	number = {9},
	pages = {2286--2310},
	title = {{Spectrum of the non-abelian phase in Kitaev's honeycomb lattice model}},
	url = {http://www.sciencedirect.com/science/article/pii/S0003491607001959},
	volume = {323},
	Year = {2008}
}

@article{BaskaranPRL2007,
	title = {{Exact Results for Spin Dynamics and Fractionalization in the Kitaev Model}},
	author = {Baskaran, G. and Mandal, Saptarshi and Shankar, R.},
	journal = {Phys. Rev. Lett.},
	volume = {98},
	issue = {24},
	pages = {247201},
	numpages = {4},
	year = {2007},
	month = {Jun},
	publisher = {American Physical Society},
	doi = {10.1103/PhysRevLett.98.247201},
	url = {https://link.aps.org/doi/10.1103/PhysRevLett.98.247201}
}

@article{BaskaranPRB2008,
	title = {{Spin-$S$ Kitaev model: Classical ground states, order from disorder, and exact correlation functions}},
	author = {Baskaran, G. and Sen, Diptiman and Shankar, R.},
	journal = {Phys. Rev. B},
	volume = {78},
	issue = {11},
	pages = {115116},
	numpages = {8},
	year = {2008},
	month = {Sep},
	publisher = {American Physical Society},
	doi = {10.1103/PhysRevB.78.115116},
	url = {https://link.aps.org/doi/10.1103/PhysRevB.78.115116}
}

@article{YangARXIV2019,
	title = {{Valence bond fluctuations in the Kitaev spin model}},
	author = {Yang, F. and Plekhanov, K. and Le Hur, K.},
	journal = {arXiv:1901.03973v1},
	url = {https://arxiv.org/abs/1901.03973v1}
}

@article{NasuJoP2015,
	doi = {10.1088/1742-6596/592/1/012115},
	url = {https://doi.org/10.1088%2F1742-6596%2F592%2F1%2F012115},
	year = {2015},
	month = {mar},
	publisher = {{IOP} Publishing},
	volume = {592},
	pages = {012115},
	author = {Joji Nasu and Masafumi Udagawa and Yukitoshi Motome},
	title = {{Low-energy Majorana states in spin liquid transitions in a three-dimensional Kitaev model}},
	journal = {Journal of Physics: Conference Series}
}

@article{NasuPRB2015,
	title = {{Thermal fractionalization of quantum spins in a Kitaev model: Temperature-linear specific heat and coherent transport of Majorana fermions}},
	author = {Nasu, Joji and Udagawa, Masafumi and Motome, Yukitoshi},
	journal = {Phys. Rev. B},
	volume = {92},
	issue = {11},
	pages = {115122},
	numpages = {6},
	year = {2015},
	month = {Sep},
	publisher = {American Physical Society},
	doi = {10.1103/PhysRevB.92.115122},
	url = {https://link.aps.org/doi/10.1103/PhysRevB.92.115122}
}

@article{NasuPRL2015,
	title = {{Thermodynamics of Chiral Spin Liquids with Abelian and Non-Abelian Anyons}},
	author = {Nasu, Joji and Motome, Yukitoshi},
	journal = {Phys. Rev. Lett.},
	volume = {115},
	issue = {8},
	pages = {087203},
	numpages = {5},
	year = {2015},
	month = {Aug},
	publisher = {American Physical Society},
	doi = {10.1103/PhysRevLett.115.087203},
	url = {https://link.aps.org/doi/10.1103/PhysRevLett.115.087203}
}

@article{NasuJoP2016,
	doi = {10.1088/1742-6596/683/1/012037},
	url = {https://doi.org/10.1088%2F1742-6596%2F683%2F1%2F012037},
	year = {2016},
	month = {feb},
	publisher = {{IOP} Publishing},
	volume = {683},
	pages = {012037},
	author = {Joji Nasu and Yukitoshi Motome},
	title = {Spin correlation and Majorana spectrum in chiral spin liquids in a decorated-honeycomb Kitaev model},
	journal = {Journal of Physics: Conference Series}
}

@article{YangPRA2008,
	title = {{Fidelity susceptibility and long-range correlation in the Kitaev honeycomb model}},
	author = {Yang, Shuo and Gu, Shi-Jian and Sun, Chang-Pu and Lin, Hai-Qing},
	journal = {Phys. Rev. A},
	volume = {78},
	issue = {1},
	pages = {012304},
	numpages = {6},
	year = {2008},
	month = {Jul},
	publisher = {American Physical Society},
	doi = {10.1103/PhysRevA.78.012304},
	url = {https://link.aps.org/doi/10.1103/PhysRevA.78.012304}
}

@mastersthesis{Ghannad2019,
	title = {{Thermodynamics of Classical Kitaev Magnets}},
	author = {Bahareh {Ghannad Dezfouli}},
	year = {2019},
	institution = {University of Cologne},
	type = {{Master's thesis}}
}

@article{WinterPRB2016,
	title = {{Challenges in design of Kitaev materials: Magnetic interactions from competing energy scales}},
	author = {Winter, Stephen M. and Li, Ying and Jeschke, Harald O. and Valent\'{\i}, Roser},
	journal = {Phys. Rev. B},
	volume = {93},
	issue = {21},
	pages = {214431},
	numpages = {21},
	year = {2016},
	month = {Jun},
	publisher = {American Physical Society},
	doi = {10.1103/PhysRevB.93.214431},
	url = {https://link.aps.org/doi/10.1103/PhysRevB.93.214431}
}

@article{RauPRL2014,
	title = {{Generic Spin Model for the Honeycomb Iridates beyond the Kitaev Limit}},
	author = {Rau, Jeffrey G. and Lee, Eric Kin-Ho and Kee, Hae-Young},
	journal = {Phys. Rev. Lett.},
	volume = {112},
	issue = {7},
	pages = {077204},
	numpages = {5},
	year = {2014},
	month = {Feb},
	publisher = {American Physical Society},
	doi = {10.1103/PhysRevLett.112.077204},
	url = {https://link.aps.org/doi/10.1103/PhysRevLett.112.077204}
}

@article{AlidoustPRB2016,
	title = {{Observation of metallic surface states in the strongly correlated Kitaev-Heisenberg candidate ${\mathrm{Na}}_{2}{\mathrm{IrO}}_{3}$}},
	author = {Alidoust, Nasser and Liu, Chang and Xu, Su-Yang and Belopolski, Ilya and Qi, Tongfei and Zeng, Minggang and Sanchez, Daniel S. and Zheng, Hao and Bian, Guang and Neupane, Madhab and Liu, Yu-Tzu and Wilson, Stephen D. and Lin, Hsin and Bansil, Arun and Cao, Gang and Hasan, M. Zahid},
	journal = {Phys. Rev. B},
	volume = {93},
	issue = {24},
	pages = {245132},
	numpages = {6},
	year = {2016},
	month = {Jun},
	publisher = {American Physical Society},
	doi = {10.1103/PhysRevB.93.245132},
	url = {https://link.aps.org/doi/10.1103/PhysRevB.93.245132}
}

@article{LuepkePRB2015,
	title = {{Highly unconventional surface reconstruction of ${\mathrm{Na}}_{2}{\mathrm{IrO}}_{3}$ with persistent energy gap}},
	author = {L\"upke, F. and Manni, S. and Erwin, S. C. and Mazin, I. I. and Gegenwart, P. and Wenderoth, M.},
	journal = {Phys. Rev. B},
	volume = {91},
	issue = {4},
	pages = {041405},
	numpages = {4},
	year = {2015},
	month = {Jan},
	publisher = {American Physical Society},
	doi = {10.1103/PhysRevB.91.041405},
	url = {https://link.aps.org/doi/10.1103/PhysRevB.91.041405}
}

@article{YePRB2012,
	title = {{Direct evidence of a zigzag spin-chain structure in the honeycomb lattice: A neutron and x-ray diffraction investigation of single-crystal Na${}_{2}$IrO${}_{3}$}},
	author = {Ye, Feng and Chi, Songxue and Cao, Huibo and Chakoumakos, Bryan C. and Fernandez-Baca, Jaime A. and Custelcean, Radu and Qi, T. F. and Korneta, O. B. and Cao, G.},
	journal = {Phys. Rev. B},
	volume = {85},
	issue = {18},
	pages = {180403},
	numpages = {4},
	year = {2012},
	month = {May},
	publisher = {American Physical Society},
	doi = {10.1103/PhysRevB.85.180403},
	url = {https://link.aps.org/doi/10.1103/PhysRevB.85.180403}
}

@article{LiuPRB2011,
	title = {{Long-range magnetic ordering in Na${}_{2}$IrO${}_{3}$}},
	author = {Liu, X. and Berlijn, T. and Yin, W.-G. and Ku, W. and Tsvelik, A. and Kim, Young-June and Gretarsson, H. and Singh, Yogesh and Gegenwart, P. and Hill, J. P.},
	journal = {Phys. Rev. B},
	volume = {83},
	issue = {22},
	pages = {220403},
	numpages = {4},
	year = {2011},
	month = {Jun},
	publisher = {American Physical Society},
	doi = {10.1103/PhysRevB.83.220403},
	url = {https://link.aps.org/doi/10.1103/PhysRevB.83.220403}
}

@article{WilliamsPRB2016,
	title = {{Incommensurate counterrotating magnetic order stabilized by Kitaev interactions in the layered honeycomb $\ensuremath{\alpha}\text{\ensuremath{-}}{\mathrm{Li}}_{2}{\mathrm{IrO}}_{3}$}},
	author = {Williams, S. C. and Johnson, R. D. and Freund, F. and Choi, Sungkyun and Jesche, A. and Kimchi, I. and Manni, S. and Bombardi, A. and Manuel, P. and Gegenwart, P. and Coldea, R.},
	journal = {Phys. Rev. B},
	volume = {93},
	issue = {19},
	pages = {195158},
	numpages = {12},
	year = {2016},
	month = {May},
	publisher = {American Physical Society},
	doi = {10.1103/PhysRevB.93.195158},
	url = {https://link.aps.org/doi/10.1103/PhysRevB.93.195158}
}

@article{BarreiroNatPhys2015,
	Author = {Barreiro, Julio T.},
	Journal = {Nature Physics},
	Pages = {215-216},
	Title = {{Entering an acoustic phase}},
	Url = {https://doi.org/10.1038/nphys3273},
	Volume = {11},
	Year = {2015}
}

@article{KatukuriNJP2014,
	doi = {10.1088/1367-2630/16/1/013056},
	url = {https://doi.org/10.1088%2F1367-2630%2F16%2F1%2F013056},
	year = {2014},
	month = {jan},
	publisher = {{IOP} Publishing},
	volume = {16},
	number = {1},
	pages = {013056},
	author = {Vamshi M Katukuri and S Nishimoto and V Yushankhai and A Stoyanova and H Kandpal and Sungkyun Choi and R Coldea and I Rousochatzakis and L Hozoi and Jeroen {van den Brink}},
	title = {{Kitaev interactions between $j = 1/2$ moments in honeycomb Na$_2$IrO$_3$ are large and ferromagnetic: insights form \textit{ab initio} quantum chemistry calculations}},
	journal = {New Journal of Physics}
}

@article{ChaloupkaPRB2016,
	title = {{Magnetic anisotropy in the Kitaev model systems Na$_2$IrO$_3$ and RuCl$_3$}},
	author = {Chaloupka, Jiri and Khaliullin, Giniyat},
	journal = {Phys. Rev. B},
	volume = {94},
	issue = {6},
	pages = {064435},
	numpages = {11},
	year = {2016},
	month = {Aug},
	publisher = {American Physical Society},
	doi = {10.1103/PhysRevB.94.064435},
	url = {https://link.aps.org/doi/10.1103/PhysRevB.94.064435}
}

@article{KimchiPRB2011,
	title = {{Kitaev-Heisenberg-$J_2$-$J_3$ model for the iridates $A_2$IrO$_3$}},
	author = {Kimchi, Itamar and You, Yi-Zhuang},
	journal = {Phys. Rev. B},
	volume = {84},
	issue = {18},
	pages = {180407},
	numpages = {4},
	year = {2011},
	month = {Nov},
	publisher = {American Physical Society},
	doi = {10.1103/PhysRevB.84.180407},
	url = {https://link.aps.org/doi/10.1103/PhysRevB.84.180407}
}

@article{BinottoPSS1971,
	author = {Binotto, L. and Pollini, I. and Spinolo, G.},
	title = {{Optical and transport properties of the magnetic semiconductor $\alpha$-RuCl$_3$}},
	journal = {Physica Status Solidi (b)},
	volume = {44},
	number = {1},
	pages = {245-252},
	doi = {10.1002/pssb.2220440126},
	url = {https://onlinelibrary.wiley.com/doi/abs/10.1002/pssb.2220440126},
	eprint = {https://onlinelibrary.wiley.com/doi/pdf/10.1002/pssb.2220440126},
	year = {1971}
}

@article{ZhouPRB2016,
	title = {{Angle-resolved photoemission study of the Kitaev candidate $\ensuremath{\alpha}\ensuremath{-}{\mathrm{RuCl}}_{3}$}},
	author = {Zhou, Xiaoqing and Li, Haoxiang and Waugh, J. A. and Parham, S. and Kim, Heung-Sik and Sears, J. A. and Gomes, A. and Kee, Hae-Young and Kim, Young-June and Dessau, D. S.},
	journal = {Phys. Rev. B},
	volume = {94},
	issue = {16},
	pages = {161106},
	numpages = {5},
	year = {2016},
	month = {Oct},
	publisher = {American Physical Society},
	doi = {10.1103/PhysRevB.94.161106},
	url = {https://link.aps.org/doi/10.1103/PhysRevB.94.161106}
}

@article{KoitzschPRL2016,
	title = {{${J}_{\mathrm{eff}}$ Description of the Honeycomb Mott Insulator $\ensuremath{\alpha}\text{\ensuremath{-}}{\mathrm{RuCl}}_{3}$}},
	author = {Koitzsch, A. and Habenicht, C. and M\"uller, E. and Knupfer, M. and B\"uchner, B. and Kandpal, H. C. and {van den Brink}, J. and Nowak, D. and Isaeva, A. and Doert, Th.},
	journal = {Phys. Rev. Lett.},
	volume = {117},
	issue = {12},
	pages = {126403},
	numpages = {5},
	year = {2016},
	month = {Sep},
	publisher = {American Physical Society},
	doi = {10.1103/PhysRevLett.117.126403},
	url = {https://link.aps.org/doi/10.1103/PhysRevLett.117.126403}
}

@article{SinnSciRep2016,
	Author = {Sinn, Soobin and Kim, Choong Hyun and Kim, Beom Hyun and Lee, Kyung Dong and Won, Choong Jae and Oh, Ji Seop and Han, Moonsup and Chang, Young Jun and Hur, Namjung and Sato, Hitoshi and Park, Byeong-Gyu and Kim, Changyoung and Kim, Hyeong-Do and Noh, Tae Won},
	Journal = {Scientific Reports},
	Month = {12},
	Pages = {39544},
	Title = {{Electronic Structure of the Kitaev Material $\alpha$-RuCl$_3$ Probed by Photoemission and Inverse Photoemission Spectroscopies}},
	Volume = {6},
	Year = {2016}
}

@article{JohnsonPRB2015,
	title = {{Monoclinic crystal structure of $\ensuremath{\alpha}\ensuremath{-}{\mathrm{RuCl}}_{3}$ and the zigzag antiferromagnetic ground state}},
	author = {Johnson, R. D. and Williams, S. C. and Haghighirad, A. A. and Singleton, J. and Zapf, V. and Manuel, P. and Mazin, I. I. and Li, Y. and Jeschke, H. O. and Valent\'{\i}, R. and Coldea, R.},
	journal = {Phys. Rev. B},
	volume = {92},
	issue = {23},
	pages = {235119},
	numpages = {12},
	year = {2015},
	month = {Dec},
	publisher = {American Physical Society},
	doi = {10.1103/PhysRevB.92.235119},
	url = {https://link.aps.org/doi/10.1103/PhysRevB.92.235119}
}

@article{LampenPRL2017,
	title = {{Destabilization of Magnetic Order in a Dilute Kitaev Spin Liquid Candidate}},
	author = {Lampen-Kelley, P. and Banerjee, A. and Aczel, A. A. and Cao, H. B. and Stone, M. B. and Bridges, C. A. and Yan, J.-Q. and Nagler, S. E. and Mandrus, D.},
	journal = {Phys. Rev. Lett.},
	volume = {119},
	issue = {23},
	pages = {237203},
	numpages = {6},
	year = {2017},
	month = {Dec},
	publisher = {American Physical Society},
	doi = {10.1103/PhysRevLett.119.237203},
	url = {https://link.aps.org/doi/10.1103/PhysRevLett.119.237203}
}

@article{BanerjeeScience2017,
	author = {Banerjee, Arnab and Yan, Jiaqiang and Knolle, Johannes and Bridges, Craig A. and Stone, Matthew B. and Lumsden, Mark D. and Mandrus, David G. and Tennant, David A. and Moessner, Roderich and Nagler, Stephen E.},
	title = {{Neutron scattering in the proximate quantum spin liquid $\alpha$-RuCl$_3$}},
	volume = {356},
	number = {6342},
	pages = {1055-1059},
	year = {2017},
	doi = {10.1126/science.aah6015},
	publisher = {American Association for the Advancement of Science},
	issn = {0036-8075},
	URL = {http://science.sciencemag.org/content/356/6342/1055},
	eprint = {http://science.sciencemag.org/content/356/6342/1055.full.pdf},
	journal = {Science}
}

@article{SearsPRB2015,
	title = {{Magnetic order in $\ensuremath{\alpha}\ensuremath{-}{\text{RuCl}}_{3}$: A honeycomb-lattice quantum magnet with strong spin-orbit coupling}},
	author = {Sears, J. A. and Songvilay, M. and Plumb, K. W. and Clancy, J. P. and Qiu, Y. and Zhao, Y. and Parshall, D. and Kim, Young-June},
	journal = {Phys. Rev. B},
	volume = {91},
	issue = {14},
	pages = {144420},
	numpages = {5},
	year = {2015},
	month = {Apr},
	publisher = {American Physical Society},
	doi = {10.1103/PhysRevB.91.144420},
	url = {https://link.aps.org/doi/10.1103/PhysRevB.91.144420}
}

@article{KnollePRL2014,
	title = {{Raman Scattering Signatures of Kitaev Spin Liquids in ${A}_{2}{\mathrm{IrO}}_{3}$ Iridates with $A=\mathrm{Na}$ or Li}},
	author = {Knolle, J. and Chern, Gia-Wei and Kovrizhin, D. L. and Moessner, R. and Perkins, N. B.},
	journal = {Phys. Rev. Lett.},
	volume = {113},
	issue = {18},
	pages = {187201},
	numpages = {5},
	year = {2014},
	month = {Oct},
	publisher = {American Physical Society},
	doi = {10.1103/PhysRevLett.113.187201},
	url = {https://link.aps.org/doi/10.1103/PhysRevLett.113.187201}
}

@article{NasuNatPhys2016,
	Author = {Nasu, J. and Knolle, J. and Kovrizhin, D. L. and Motome, Y. and Moessner, R.},
	Journal = {Nature Physics},
	Month = {07},
	Pages = {912-915},
	Title = {{Fermionic response from fractionalization in an insulating two-dimensional magnet}},
	Volume = {12},
	Year = {2016}
}

@article{RanPRL2017,
	title = {{Spin-Wave Excitations Evidencing the Kitaev Interaction in Single Crystalline $\ensuremath{\alpha}\text{\ensuremath{-}}{\mathrm{RuCl}}_{3}$}},
	author = {Ran, Kejing and Wang, Jinghui and Wang, Wei and Dong, Zhao-Yang and Ren, Xiao and Bao, Song and Li, Shichao and Ma, Zhen and Gan, Yuan and Zhang, Youtian and Park, J. T. and Deng, Guochu and Danilkin, S. and Yu, Shun-Li and Li, Jian-Xin and Wen, Jinsheng},
	journal = {Phys. Rev. Lett.},
	volume = {118},
	issue = {10},
	pages = {107203},
	numpages = {6},
	year = {2017},
	month = {Mar},
	publisher = {American Physical Society},
	doi = {10.1103/PhysRevLett.118.107203},
	url = {https://link.aps.org/doi/10.1103/PhysRevLett.118.107203}
}

@article{WinterNatComm2017,
	Author = {Winter, Stephen M. and Riedl, Kira and Maksimov, Pavel A. and Chernyshev, Alexander L. and Honecker, Andreas and Valent{\'\i}, Roser},
	Journal = {Nature Communications},
	Number = {1},
	Pages = {1152},
	Title = {{Breakdown of magnons in a strongly spin-orbital coupled magnet}},
	Volume = {8},
	Year = {2017}
}

@article{LuoARXIV2019,
	title = {{Rare earth Kitaev materials}},
	author = {Luo, Z.-X. and Chen, G.},
	journal = {arXiv:1903.02530v1},
	url = {https://arxiv.org/abs/1903.02530v1}
}

@article{BiffinPRB2014,
	title = {{Unconventional magnetic order on the hyperhoneycomb Kitaev lattice in $\ensuremath{\beta}\text{\ensuremath{-}}{\mathrm{Li}}_{2}{\mathrm{IrO}}_{3}$: Full solution via magnetic resonant x-ray diffraction}},
	author = {Biffin, A. and Johnson, R. D. and Choi, Sungkyun and Freund, F. and Manni, S. and Bombardi, A. and Manuel, P. and Gegenwart, P. and Coldea, R.},
	journal = {Phys. Rev. B},
	volume = {90},
	issue = {20},
	pages = {205116},
	numpages = {13},
	year = {2014},
	month = {Nov},
	publisher = {American Physical Society},
	doi = {10.1103/PhysRevB.90.205116},
	url = {https://link.aps.org/doi/10.1103/PhysRevB.90.205116}
}

@article{KimchiPRB2015,
	title = {{Unified theory of spiral magnetism in the harmonic-honeycomb iridates $\alpha$, $\beta$, and $\gamma$ Li$_2$IrO$_3$}},
	author = {Kimchi, Itamar and Coldea, Radu and Vishwanath, Ashvin},
	journal = {Phys. Rev. B},
	volume = {91},
	issue = {24},
	pages = {245134},
	numpages = {8},
	year = {2015},
	month = {Jun},
	publisher = {American Physical Society},
	doi = {10.1103/PhysRevB.91.245134},
	url = {https://link.aps.org/doi/10.1103/PhysRevB.91.245134}
}

@article{KimPRB2016,
	title = {{Revealing frustrated local moment model for pressurized hyperhoneycomb iridate: Paving the way toward a quantum spin liquid}},
	author = {Kim, Heung-Sik and Kim, Yong Baek and Kee, Hae-Young},
	journal = {Phys. Rev. B},
	volume = {94},
	issue = {24},
	pages = {245127},
	numpages = {7},
	year = {2016},
	month = {Dec},
	publisher = {American Physical Society},
	doi = {10.1103/PhysRevB.94.245127},
	url = {https://link.aps.org/doi/10.1103/PhysRevB.94.245127}
}

@article{TrebstARXIV2017,
	title = {{Kitaev Materials}},
	author = {Trebst, Simon},
	journal = {arXiv:1701.07056v1},
	url = {https://arxiv.org/abs/1701.07056v1}
}

@article{LiPRB2017,
	title = {{Kitaev materials beyond iridates: Order by quantum disorder and Weyl magnons in rare-earth double perovskites}},
	author = {Li, Fei-Ye and Li, Yao-Dong and Yu, Yue and Paramekanti, Arun and Chen, Gang},
	journal = {Phys. Rev. B},
	volume = {95},
	issue = {8},
	pages = {085132},
	numpages = {8},
	year = {2017},
	month = {Feb},
	publisher = {American Physical Society},
	doi = {10.1103/PhysRevB.95.085132},
	url = {https://link.aps.org/doi/10.1103/PhysRevB.95.085132}
}
